@book {listing1847,
    AUTHOR = {Listing, Johann B.},
    TITLE = {Vorstudien zur {T}opologie},
    PUBLISHER = {Vandenhoeck und Ruprecht},
    YEAR = {1847},
}

@incollection {brunn1892,
    AUTHOR = {Brunn, Hermann},
    TITLE = {Über {V}erkettung},
    BOOKTITLE = {Sitzungsberichte der mathematisch-physikalischen Klasse},
    PUBLISHER = {Verlag der Bayerischen Akademie der Wissenschaften, München},
    YEAR = {1892},
    PAGES = {77--99},
}

@article {tietze1908,
    AUTHOR = {Tietze, Heinrich F. F.},
    TITLE = {Über die topologischen {I}nvarianten mehrdimensionaler {M}annigfaltigkeiten},
    JOURNAL = {Monatsh. Math. Phys.},
    FJOURNAL = {Monatshefte f\"{u}r Mathematik und Physik},
    YEAR = {1908},
    VOLUME = {19},
    NUMBER = {1},
    PAGES = {1--118},
    DOI = {10.1007/BF01736688},
    MRCLASS = {DML},
    MRNUMBER = {1547755},
}

@article {dehn1914,
    AUTHOR = {Dehn, Max W.},
    TITLE = {Die beiden {K}leeblattschlingen},
    JOURNAL = {Math. Ann.},
    FJOURNAL = {Mathematische Annalen},
    YEAR = {1914},
    VOLUME = {75},
    NUMBER = {3},
    PAGES = {402--413},
    DOI = {10.1007/BF01563732},
    MRCLASS = {DML},
    MRNUMBER = {1511799},
}

@phdthesis {haseman1918,
    AUTHOR = {Haseman, Mary G.},
    TITLE = {On knots, with a census of the amphicheirals with twelve crossings},
    SCHOOL = {Bryn Mawr College},
    YEAR = {1918},
    MRCLASS = {Thesis},
    MRNUMBER = {2936036},
}

@article {alexander1923,
    AUTHOR = {Alexander, James W.},
    TITLE = {A lemma on systems of knotted curves},
    JOURNAL = {Proc. Natl. Acad. Sci. USA},
    FJOURNAL = {Proceedings of the National Academy of Sciences of the United States of America},
    YEAR = {1923},
    PAGES = {93--95},
    DOI = {10.1073/pnas.9.3.93},
}

@article {schreier1924,
    AUTHOR = {Schreier, Otto},
    TITLE = {Über die {G}ruppen {$A^aB^b=1$}},
    JOURNAL = {Abh. Math. Sem. Univ. Hamburg},
    FJOURNAL = {Abhandlungen aus dem Mathematischen Seminar der Universit\"{a}t Hamburg},
    YEAR = {1924},
    VOLUME = {3},
    NUMBER = {1},
    PAGES = {167--169},
    DOI = {10.1007/BF02954621},
    MRCLASS = {DML},
    MRNUMBER = {3069424},
}

@article {artin1925,
    AUTHOR = {Artin, Emil},
    TITLE = {Theorie der {Z}öpfe},
    JOURNAL = {Abh. Math. Sem. Univ. Hamburg},
    FJOURNAL = {Abhandlungen aus dem Mathematischen Seminar der Universit\"{a}t Hamburg},
    YEAR = {1925},
    VOLUME = {4},
    NUMBER = {1},
    PAGES = {47--72},
    DOI = {10.1007/BF02950718},
    MRCLASS = {DML},
    MRNUMBER = {3069440},
}

@article {alexander1927,
    AUTHOR = {Alexander, James W. and Briggs, Garland B.},
    TITLE = {On types of knotted curves},
    JOURNAL = {Ann. of Math. (2)},
    FJOURNAL = {Annals of Mathematics. Second Series},
    YEAR = {1927},
    VOLUME = {28},
    NUMBER = {1-4},
    PAGES = {562--586},
    DOI = {10.2307/1968399},
    MRCLASS = {DML},
    MRNUMBER = {1502807},
}

@article {reidemeister1927,
    AUTHOR = {Reidemeister, Kurt W.},
    TITLE = {Elementare {B}egründung der {K}notentheorie},
    JOURNAL = {Abh. Math. Sem. Univ. Hamburg},
    FJOURNAL = {Abhandlungen aus dem Mathematischen Seminar der Universit\"{a}t Hamburg},
    YEAR = {1927},
    VOLUME = {5},
    NUMBER = {1},
    PAGES = {24--32},
    DOI = {10.1007/BF02952507},
    MRCLASS = {DML},
    MRNUMBER = {3069462},
}

@article {alexander1928,
    AUTHOR = {Alexander, James W.},
    TITLE = {Topological invariants of knots and links},
    JOURNAL = {Trans. Amer. Math. Soc.},
    FJOURNAL = {Transactions of the American Mathematical Society},
    YEAR = {1928},
    VOLUME = {30},
    NUMBER = {2},
    PAGES = {275--306},
    DOI = {10.2307/1989123},
    MRCLASS = {57M25},
    MRNUMBER = {1501429},
}

@article {bankwitz1930,
    AUTHOR = {Bankwitz, Carl},
    TITLE = {Über die {T}orsionszahlen der alternierenden {K}noten},
    JOURNAL = {Math. Ann.},
    FJOURNAL = {Mathematische Annalen},
    YEAR = {1930},
    VOLUME = {103},
    NUMBER = {1},
    PAGES = {145--161},
    DOI = {10.1007/BF01455692},
    MRCLASS = {DML},
    MRNUMBER = {1512619},
}

@book {reidemeister1932,
    AUTHOR = {Reidemeister, Kurt W.},
    TITLE = {Knotentheorie},
    PUBLISHER = {Springer-Verlag, Berlin},
    YEAR = {1932},
    VOLUME = {1},
    SERIES = {Ergebnisse der Mathematik und ihrer Grenzgebiete},
    MRCLASS = {55-02 (55A25)},
    MRNUMBER = {0345089},
}

@article {goeritz1933,
    AUTHOR = {Goeritz, Lebrecht},
    TITLE = {Knoten und quadratische {F}ormen},
    JOURNAL = {Math. Z.},
    FJOURNAL = {Mathematische Zeitschrift},
    YEAR = {1933},
    VOLUME = {36},
    NUMBER = {1},
    PAGES = {647--654},
    DOI = {10.1007/BF01188642},
    MRCLASS = {DML},
    MRNUMBER = {1545364},
}

@article {seifert1933,
    AUTHOR = {Seifert, Herbert K.},
    TITLE = {{V}erschlingungsinvarianten},
    JOURNAL = {Preuß. Akad. Wiss., Phys.-Math. Kl. },
    FJOURNAL = {Königlich Preussische Akademie der Wissenschaften zu Berlin. Physikalisch-Mathematische Klasse},
    YEAR = {1933},
    VOLUME = {1},
    NUMBER = {26--29},
    PAGES = {811--828},
}

@inproceedings {bankwitz1934,
    AUTHOR = {Bankwitz, Carl and Schumann, Hans G.},
    TITLE = {Über {V}iergeflechte},
    BOOKTITLE = {Abhandlungen aus dem Mathematischen Seminar der Universit{\"a}t Hamburg},
    YEAR = {1934},
    VOLUME = {10},
    PAGES = {263--284},
    ORGANIZATION = {Springer},
}

@article {goeritz1934,
    AUTHOR = {Goeritz, Lebrecht},
    TITLE = {Bemerkungen zur {K}notentheorie},
    JOURNAL = {Abh. Math. Sem. Univ. Hamburg},
    FJOURNAL = {Abhandlungen aus dem Mathematischen Seminar der Universit\"{a}t Hamburg},
    YEAR = {1934},
    VOLUME = {10},
    NUMBER = {1},
    PAGES = {201--210},
    DOI = {10.1007/BF02940674},
    MRCLASS = {DML},
    MRNUMBER = {3069625},
}

@article {magnus1934,
    AUTHOR = {Magnus, Wilhelm},
    TITLE = {Über {A}utomorphismen von {F}undamentalgruppen berandeter {F}lächen},
    JOURNAL = {Math. Ann.},
    FJOURNAL = {Mathematische Annalen},
    YEAR = {1934},
    VOLUME = {109},
    NUMBER = {1},
    PAGES = {617--646},
    DOI = {10.1007/BF01449158},
    MRCLASS = {DML},
    MRNUMBER = {1512913},
}

@article {burau1935,
    AUTHOR = {Burau, Werner},
    TITLE = {Über {Z}opfgruppen und gleichsinnig verdrillte {V}erkettungen},
    JOURNAL = {Abh. Math. Sem. Univ. Hamburg},
    FJOURNAL = {Abhandlungen aus dem Mathematischen Seminar der Universit\"{a}t Hamburg},
    YEAR = {1935},
    VOLUME = {11},
    NUMBER = {1},
    PAGES = {179--186},
    DOI = {10.1007/BF02940722},
    MRCLASS = {DML},
    MRNUMBER = {3069652},
}

@article {markov1935,
    AUTHOR = {Markov, Andrei A.},
    TITLE = {Über die freie {Ä}quivalenz der geschlossenen {Z}öpfe},
    JOURNAL = {{Rec. Math. Moscou}},
    FJOURNAL = {{Recueil Math\'ematique}},
    YEAR = {1935},
    VOLUME = {1},
    PAGES = {73--78},
    NOTE = {Dostępne tłumaczenie rosyjskie: {О} свободной эквивалентности замкнутых кос},
}

@article {reidemeister1935,
    AUTHOR = {Reidemeister, Kurt},
    TITLE = {Homotopieringe und {L}insenräume},
    JOURNAL = {Abh. Math. Sem. Univ. Hamburg},
    FJOURNAL = {Abhandlungen aus dem Mathematischen Seminar der Universit\"{a}t Hamburg},
    YEAR = {1935},
    VOLUME = {11},
    NUMBER = {1},
    PAGES = {102--109},
    DOI = {10.1007/BF02954621},
    MRCLASS = {DML},
    MRNUMBER = {3069424},
}

@article {seifert1935,
    AUTHOR = {Seifert, Herbert K.},
    TITLE = {Über das {G}eschlecht von {K}noten},
    JOURNAL = {Math. Ann.},
    FJOURNAL = {Mathematische Annalen},
    YEAR = {1935},
    VOLUME = {110},
    NUMBER = {1},
    PAGES = {571--592},
    DOI = {10.1007/BF01448044},
    MRCLASS = {DML},
    MRNUMBER = {1512955},
}

@article {dehn1936,
    AUTHOR = {Dehn, Max W.},
    TITLE = {Über kombinatorische {T}opologie},
    JOURNAL = {Acta Math.},
    FJOURNAL = {Acta Mathematica},
    YEAR = {1936},
    VOLUME = {67},
    NUMBER = {1},
    PAGES = {123--168},
    DOI = {10.1007/BF02401740},
    MRCLASS = {DML},
    MRNUMBER = {1555418},
}

@article {wendt1937,
    AUTHOR = {Wendt, Hilmar},
    TITLE = {Die gordische {A}uflösung von {K}noten},
    JOURNAL = {Math. Z.},
    FJOURNAL = {Mathematische Zeitschrift},
    YEAR = {1937},
    VOLUME = {42},
    NUMBER = {1},
    PAGES = {680--696},
    DOI = {10.1007/BF01160103},
    MRCLASS = {DML},
    MRNUMBER = {1545700},
}

@article {whitehead1937,
    AUTHOR = {Whitehead, John H. C.},
    TITLE = {On Doubled Knots},
    JOURNAL = {J. London Math. Soc.},
    FJOURNAL = {Journal of the London Mathematical Society},
    YEAR = {1937},
    VOLUME = {s1-12},
    NUMBER = {1},
    PAGES = {63--71},
    DOI = {10.1112/jlms/s1-12.45.63},
}

@article {weinberg1939,
    AUTHOR = {Weinberg, Noah},
    TITLE = {О свободной эквивалентности замкнутых кос},
    JOURNAL = {Докл. АН СССР},
    FJOURNAL = {Доклады Академии наук. Новая серия},
    YEAR = {1939},
    VOLUME = {23},
    PAGES = {215--216},
    NOTE = {Dostępne tłumaczenie francuskie: {S}ur l'\'equivalence libre des tresses ferm\'ees},
}

@article {bohnenblust1947,
    AUTHOR = {Bohnenblust, Frederic},
    TITLE = {The algebraical braid group},
    JOURNAL = {Ann. of Math. (2)},
    FJOURNAL = {Annals of Mathematics. Second Series},
    YEAR = {1947},
    VOLUME = {48},
    PAGES = {127--136},
    DOI = {10.2307/1969219},
    MRCLASS = {20.0X},
    MRNUMBER = {19088},
    MRREVIEWER = {S. Eilenberg},
}

@article {chow1948,
    AUTHOR = {Chow, Wei-Liang},
    TITLE = {On the algebraical braid group},
    JOURNAL = {Ann. of Math. (2)},
    FJOURNAL = {Annals of Mathematics. Second Series},
    YEAR = {1948},
    VOLUME = {49},
    PAGES = {654--658},
    DOI = {10.2307/1969050},
    MRCLASS = {09.1X},
    MRNUMBER = {26050},
    MRREVIEWER = {S. Eilenberg},
}

@article {schubert1949,
    AUTHOR = {Schubert, Horst},
    TITLE = {Die eindeutige {Z}erlegbarkeit eines {K}notens in {P}rimknoten},
    JOURNAL = {S.-B. Heidelberger Akad. Wiss. Math.-Nat. Kl.},
    FJOURNAL = {Sitzungsberichte der Heidelberger Akademie der Wissenschaften, Mathematische-Naturwissenschaftliche Klasse},
    YEAR = {1949},
    VOLUME = {1949},
    NUMBER = {3},
    PAGES = {57--104},
    MRCLASS = {56.0X},
    MRNUMBER = {0031733},
    MRREVIEWER = {R. H. Fox},
}

@article {fox1950,
    AUTHOR = {Fox, Ralph H.},
    TITLE = {On the total curvature of some tame knots},
    JOURNAL = {Ann. of Math. (2)},
    FJOURNAL = {Annals of Mathematics. Second Series},
    YEAR = {1950},
    VOLUME = {52},
    PAGES = {258--260},
    DOI = {10.2307/1969468},
    MRCLASS = {56.0X},
    MRNUMBER = {37510},
    MRREVIEWER = {J. Nielsen},
}

@article {seifert1950,
    AUTHOR = {Seifert, Herbert K. J.},
    TITLE = {On the homology invariants of knots},
    JOURNAL = {Quart. J. Math., Oxford Ser. (2)},
    FJOURNAL = {The Quarterly Journal of Mathematics. Oxford. Second Series},
    YEAR = {1950},
    VOLUME = {1},
    PAGES = {23--32},
    DOI = {10.1093/qmath/1.1.23},
    MRCLASS = {56.0X},
    MRNUMBER = {0035436},
    MRREVIEWER = {R. H. Fox},
}

@article {fox1952,
    AUTHOR = {Fox, Ralph H.},
    TITLE = {On the complementary domains of a certain pair of inequivalent knots},
    JOURNAL = {Nederl. Akad. Wetensch. Proc. Ser. A.},
    FJOURNAL = {Koninklijke Nederlandse Akademie van Wetenschappen Proceedings. Series A},
    YEAR = {1952},
    VOLUME = {14},
    PAGES = {37--40},
    MRCLASS = {56.0X},
    MRNUMBER = {0048024},
    MRREVIEWER = {B. Eckmann},
}

@article {fox1953,
    AUTHOR = {Fox, Ralph H.},
    TITLE = {Free differential calculus. {I}. {D}erivation in the free group ring},
    JOURNAL = {Ann. of Math. (2)},
    FJOURNAL = {Annals of Mathematics. Second Series},
    YEAR = {1953},
    VOLUME = {57},
    PAGES = {547--560},
    DOI = {10.2307/1969736},
    MRCLASS = {20.0X},
    MRNUMBER = {53938},
    MRREVIEWER = {R. Bott},
}

@article {kneser1953,
    AUTHOR = {Kneser, Martin and Puppe, Dieter},
    TITLE = {Quadratische {F}ormen und {V}erschlingungsinvarianten von {K}noten},
    JOURNAL = {Math. Z.},
    FJOURNAL = {Mathematische Zeitschrift},
    YEAR = {1953},
    VOLUME = {58},
    PAGES = {376--384},
    DOI = {10.1007/BF01174153},
    MRCLASS = {20.0X},
    MRNUMBER = {56607},
    MRREVIEWER = {R. H. Fox},
}

@article {schubert1953,
    AUTHOR = {Schubert, Horst},
    TITLE = {Knoten und {V}ollringe},
    JOURNAL = {Acta Math.},
    FJOURNAL = {Acta Mathematica},
    YEAR = {1953},
    VOLUME = {90},
    PAGES = {131--286},
    DOI = {10.1007/BF02392437},
    MRCLASS = {55.0X},
    MRNUMBER = {0072482},
    MRREVIEWER = {R. H. Fox},
}

@article {torres1953,
    AUTHOR = {Torres, Guillermo},
    TITLE = {On the {A}lexander polynomial},
    JOURNAL = {Ann. of Math. (2)},
    FJOURNAL = {Annals of Mathematics. Second Series},
    YEAR = {1953},
    VOLUME = {57},
    PAGES = {57--89},
    DOI = {10.2307/1969726},
    MRCLASS = {56.0X},
    MRNUMBER = {52104},
    MRREVIEWER = {R. H. Fox},
}

@article {fox1954,
    AUTHOR = {Fox, Ralph H.},
    TITLE = {Free differential calculus. {II}. {T}he isomorphism problem of groups},
    JOURNAL = {Ann. of Math. (2)},
    FJOURNAL = {Annals of Mathematics. Second Series},
    YEAR = {1954},
    VOLUME = {59},
    PAGES = {196--210},
    DOI = {10.2307/1969686},
    MRCLASS = {20.0X},
    MRNUMBER = {62125},
    MRREVIEWER = {R. Bott},
}

@article {kyle1954,
    AUTHOR = {Kyle, Roger H.},
    TITLE = {Branched covering spaces and the quadratic forms of links},
    JOURNAL = {Ann. of Math. (2)},
    FJOURNAL = {Annals of Mathematics. Second Series},
    YEAR = {1954},
    VOLUME = {59},
    PAGES = {539--548},
    DOI = {10.2307/1969717},
    MRCLASS = {56.0X},
    MRNUMBER = {62438},
    MRREVIEWER = {R. Bott},
}

@article {milnor1954,
    AUTHOR = {Milnor, John W.},
    TITLE = {Link groups},
    JOURNAL = {Ann. of Math. (2)},
    FJOURNAL = {Annals of Mathematics. Second Series},
    YEAR = {1954},
    VOLUME = {59},
    NUMBER = {2},
    PAGES = {177-195},
}

@article {schubert1954,
    AUTHOR = {Schubert, Horst},
    TITLE = {Über eine numerische {K}noteninvariante},
    JOURNAL = {Mathematische Zeitschrift},
    FJOURNAL = {Math. Z.},
    YEAR = {1954},
    VOLUME = {61},
    PAGES = {245--288},
    DOI = {10.1007/BF01181346},
    MRCLASS = {55.0X},
    MRNUMBER = {0072483},
    MRREVIEWER = {R. H. Fox},
}

@article {fox1956,
    AUTHOR = {Fox, Ralph H.},
    TITLE = {Free differential calculus. {III}. {S}ubgroups},
    JOURNAL = {Ann. of Math. (2)},
    FJOURNAL = {Annals of Mathematics. Second Series},
    YEAR = {1956},
    VOLUME = {64},
    PAGES = {407--419},
    DOI = {10.2307/1969592},
    MRCLASS = {20.00 (55.00)},
    MRNUMBER = {95876},
    MRREVIEWER = {R. C. Lyndon},
}

@article {gilbert1956,
    AUTHOR = {Gilbert, Edgar N.},
    TITLE = {Knots and classes of ménage permutations},
    JOURNAL = {Scripta Math.},
    FJOURNAL = {Scripta Mathematica},
    YEAR = {1956},
    VOLUME = {22},
    PAGES = {228--233},
    MRCLASS = {05.0X},
    MRNUMBER = {90568},
    MRREVIEWER = {John Riordan},
}

@article {schubert1956,
    AUTHOR = {Schubert, Horst},
    TITLE = {Knoten mit zwei {B}rücken},
    JOURNAL = {Mathematische Zeitschrift},
    FJOURNAL = {Math. Z.},
    YEAR = {1956},
    VOLUME = {65},
    PAGES = {133--170},
    DOI = {10.1007/BF01473875},
    MRCLASS = {55.0X},
    MRNUMBER = {0082104},
    MRREVIEWER = {R. H. Fox},
}

@article {kinoshita1957,
    AUTHOR = {Kinoshita, Shinichi and Terasaka, Hidetaka},
    TITLE = {On unions of knots},
    JOURNAL = {Osaka Math. J.},
    FJOURNAL = {Osaka Mathematical Journal},
    YEAR = {1957},
    VOLUME = {9},
    PAGES = {131--153},
    MRCLASS = {55.00},
    MRNUMBER = {0098386},
    MRREVIEWER = {R. H. Fox},
}

@article {fox1958,
    AUTHOR = {Chen, Kuo T. and Fox, Ralph H. and Lyndon, Roger C.},
    TITLE = {Free differential calculus. {IV}. {T}he quotient groups of the lower central series},
    JOURNAL = {Ann. of Math. (2)},
    FJOURNAL = {Annals of Mathematics. Second Series},
    YEAR = {1958},
    VOLUME = {68},
    PAGES = {81--95},
    DOI = {10.2307/1970044},
    MRCLASS = {20.00},
    MRNUMBER = {102539},
    MRREVIEWER = {R. H. Bruck},
}

@article {hashizume1958,
    AUTHOR = {Hashizume, Yoko},
    TITLE = {On the uniqueness of the decomposition of a link},
    JOURNAL = {Osaka Math. J.},
    FJOURNAL = {Osaka Mathematical Journal},
    YEAR = {1958},
    VOLUME = {10},
    PAGES = {283--300},
    MRCLASS = {55.00},
    MRNUMBER = {102821},
    MRREVIEWER = {R. H. Fox},
}

@article {hosokawa1958,
    AUTHOR = {Hosokawa, Fujitsugu},
    TITLE = {On {$\nabla $}-polynomials of links},
    JOURNAL = {Osaka Math. J.},
    FJOURNAL = {Osaka Mathematical Journal},
    YEAR = {1958},
    VOLUME = {10},
    PAGES = {273--282},
    MRCLASS = {55.00},
    MRNUMBER = {102820},
    MRREVIEWER = {R. H. Fox},
}

@article {murasugi1958,
    AUTHOR = {Murasugi, Kunio},
    TITLE = {On the genus of the alternating knot. {I}, {II}},
    JOURNAL = {J. Math. Soc. Japan},
    FJOURNAL = {Journal of the Mathematical Society of Japan},
    YEAR = {1958},
    VOLUME = {10},
    PAGES = {94--105, 235--248},
    DOI = {10.2969/jmsj/01010094},
    MRCLASS = {55.00},
    MRNUMBER = {99664},
}

@article {murasugi1959,
    AUTHOR = {Murasugi, Kunio},
    TITLE = {On the {A}lexander polynomial of the alternating knot},
    JOURNAL = {Osaka Math. J.},
    FJOURNAL = {Osaka Mathematical Journal},
    YEAR = {1958},
    VOLUME = {10},
    PAGES = {181--189},
    MRCLASS = {55.00},
    MRNUMBER = {99666},
    MRREVIEWER = {R. H. Fox},
}

@article {crowell1959,
    AUTHOR = {Crowell, Richard H.},
    TITLE = {Nonalternating links},
    JOURNAL = {Illinois J. Math.},
    FJOURNAL = {Illinois Journal of Mathematics},
    YEAR = {1959},
    VOLUME = {3},
    PAGES = {101--120},
    DOI = {10.1215/ijm/1255455002},
    MRCLASS = {55.00},
    MRNUMBER = {0099667},
    MRREVIEWER = {R. H. Fox},
}

@article {crowellrichard1959,
    AUTHOR = {Crowell, Richard H.},
    TITLE = {Genus of alternating link types},
    JOURNAL = {Ann. of Math. (2)},
    FJOURNAL = {Annals of Mathematics. Second Series},
    YEAR = {1959},
    VOLUME = {69},
    PAGES = {258--275},
    DOI = {10.2307/1970181},
    MRCLASS = {55.00},
    MRNUMBER = {99665},
    MRREVIEWER = {R. H. Fox},
}

@article {brody1960,
    AUTHOR = {Brody, Julian E.},
    TITLE = {The topological classification of the lens spaces},
    JOURNAL = {Ann. of Math. (2)},
    FJOURNAL = {Annals of Mathematics. Second Series},
    YEAR = {1960},
    VOLUME = {71},
    NUMBER = {1},
    PAGES = {163--184},
}

@article {fox1960,
    AUTHOR = {Fox, Ralph H.},
    TITLE = {Free differential calculus. {V}. {T}he {A}lexander matrices re-examined},
    JOURNAL = {Ann. of Math. (2)},
    FJOURNAL = {Annals of Mathematics. Second Series},
    YEAR = {1960},
    VOLUME = {71},
    PAGES = {408--422},
    DOI = {10.2307/1969936},
    MRCLASS = {20.00 (55.00)},
    MRNUMBER = {111781},
    MRREVIEWER = {R. C. Lyndon},
}

@article {haken1961,
    AUTHOR = {Haken, Wolfgang},
    TITLE = {Theorie der {N}ormalflächen},
    JOURNAL = {Acta Math.},
    FJOURNAL = {Acta Mathematica},
    YEAR = {1961},
    VOLUME = {105},
    PAGES = {245--375},
    DOI = {10.1007/BF02559591},
    MRCLASS = {55.20 (55.60)},
    MRNUMBER = {0141106},
}

@article {murasugi1961,
    AUTHOR = {Murasugi, Kunio},
    TITLE = {Remarks on torus knots},
    JOURNAL = {Proc. Japan Acad.},
    FJOURNAL = {Proceedings of the Japan Academy},
    YEAR = {1961},
    VOLUME = {37},
    PAGES = {222},
    MRCLASS = {55.20},
    MRNUMBER = {133819},
    MRREVIEWER = {R. H. Fox},
}

@article {neuwirth1961,
    AUTHOR = {Neuwirth, Lee},
    TITLE = {A note on torus knots and links determined by their groups},
    JOURNAL = {Duke Math. J.},
    FJOURNAL = {Duke Mathematical Journal},
    YEAR = {1961},
    VOLUME = {28},
    PAGES = {545--551},
    MRCLASS = {55.20},
    MRNUMBER = {133818},
    MRREVIEWER = {R. H. Fox},
}

@article {schubert1961,
    AUTHOR = {Schubert, Horst},
    TITLE = {Bestimmung der {P}rimfaktorzerlegung von {V}erkettungen},
    JOURNAL = {Math. Z.},
    FJOURNAL = {Mathematische Zeitschrift},
    YEAR = {1961},
    VOLUME = {76},
    PAGES = {116--148},
    DOI = {10.1007/BF01210965},
    MRCLASS = {55.20 (55.60)},
    MRNUMBER = {141107},
}

@article {fadell1962,
    AUTHOR = {Fadell, Edward R. and Van Buskirk, James M.},
    TITLE = {The braid groups of {$E^{2}$} and {$S^{2}$}},
    JOURNAL = {Duke Math. J.},
    FJOURNAL = {Duke Mathematical Journal},
    YEAR = {1962},
    VOLUME = {29},
    PAGES = {243--257},
    MRCLASS = {55.60 (55.45)},
    MRNUMBER = {141128},
    MRREVIEWER = {R. H. Fox},
}

@inproceedings {fox1962,
    AUTHOR = {Fox, Ralph H.},
    TITLE = {Some problems in knot theory},
    BOOKTITLE = {Topology of 3-manifolds and related topics ({P}roc. {T}he {U}niv. of {G}eorgia {I}nstitute, 1961)},
    YEAR = {1962},
    PAGES = {168--176},
    PUBLISHER = {Prentice-Hall, Englewood Cliffs, N.J.},
    MRCLASS = {55.20},
    MRNUMBER = {0140100},
    MRREVIEWER = {L. Neuwirth},
}

@article {neuwirth1962,
    AUTHOR = {Fadell, Edward R. and Neuwirth, Lee},
    TITLE = {Configuration spaces},
    JOURNAL = {Math. Scand.},
    FJOURNAL = {Mathematica Scandinavica},
    YEAR = {1962},
    VOLUME = {10},
    PAGES = {111--118},
    DOI = {10.7146/math.scand.a-10517},
    MRCLASS = {55.60},
    MRNUMBER = {141126},
    MRREVIEWER = {R. H. Fox},
}

@article {trotter1962,
    AUTHOR = {Trotter, Hale F.},
    TITLE = {Homology of group systems with applications to knot theory},
    JOURNAL = {Ann. of Math. (2)},
    FJOURNAL = {Annals of Mathematics. Second Series},
    YEAR = {1962},
    VOLUME = {76},
    PAGES = {464--498},
    DOI = {10.2307/1970369},
    MRCLASS = {55.20},
    MRNUMBER = {0143201},
    MRREVIEWER = {R. H. Fox},
}

@book {crowell1963,
    AUTHOR = {Crowell, Richard H. and Fox, Ralph H.},
    TITLE = {Introduction to knot theory},
    PUBLISHER = {Ginn and Co., Boston, Mass.},
    YEAR = {1963},
    MRCLASS = {55.10},
    MRNUMBER = {0146828},
    MRREVIEWER = {L. Neuwirth},
}

@article {trotter1963,
    AUTHOR = {Trotter, Hale F.},
    TITLE = {Non-invertible knots exist},
    JOURNAL = {Topology. An International Journal of Mathematics},
    FJOURNAL = {Topology},
    YEAR = {1963},
    VOLUME = {2},
    PAGES = {275--280},
    DOI = {10.1016/0040-9383(63)90011-9},
    MRCLASS = {55.20},
    MRNUMBER = {0158395},
    MRREVIEWER = {O. G. Harrold},
}

@incollection {kervaire1965,
    AUTHOR = {Kervaire, Michel A.},
    TITLE = {On higher dimensional knots},
    BOOKTITLE = {Differential and {C}ombinatorial {T}opology ({A} {S}ymposium in {H}onor of {M}arston {M}orse)},
    PUBLISHER = {Princeton Univ. Press, Princeton, N.J.},
    YEAR = {1965},
    PAGES = {105--119},
    MRCLASS = {57.20 (55.20)},
    MRNUMBER = {0178475},
    MRREVIEWER = {J. F. Adams},
}

@article {murasugi1965,
    AUTHOR = {Murasugi, Kunio},
    TITLE = {On a certain numerical invariant of link types},
    JOURNAL = {Trans. Amer. Math. Soc.},
    FJOURNAL = {Transactions of the American Mathematical Society},
    YEAR = {1965},
    VOLUME = {117},
    PAGES = {387--422},
    DOI = {10.2307/1994215},
    MRCLASS = {55.20},
    MRNUMBER = {0171275},
    MRREVIEWER = {R. H. Fox},
}

@article {robertello1965,
    AUTHOR = {Robertello, Raymond A.},
    TITLE = {An invariant of knot cobordism},
    JOURNAL = {Comm. Pure Appl. Math.},
    FJOURNAL = {Communications on Pure and Applied Mathematics},
    YEAR = {1965},
    VOLUME = {18},
    PAGES = {543--555},
    DOI = {10.1002/cpa.3160180309},
    MRCLASS = {55.20},
    MRNUMBER = {182965},
    MRREVIEWER = {A. Haefliger},
}

@article {brieskorn1966,
    AUTHOR = {Brieskorn, Egbert},
    TITLE = {Beispiele zur {D}ifferentialtopologie von {S}ingularitäten},
    JOURNAL = {Invent. Math.},
    FJOURNAL = {Inventiones Mathematicae},
    YEAR = {1966},
    VOLUME = {2},
    NUMBER = {1},
    PAGES = {1--14},
}

@article {burde1966,
    AUTHOR = {Burde, Gerhard},
    TITLE = {Alexanderpolynome {N}euwirthscher {K}noten},
    JOURNAL = {Topology},
    FJOURNAL = {Topology. An International Journal of Mathematics},
    YEAR = {1966},
    MRNUMBER = {199858},
}

@article {fox1966,
    AUTHOR = {Fox, Ralph H. and Milnor, John W.},
    TITLE = {Singularities of {$2$}-spheres in {$4$}-space and cobordism of knots},
    JOURNAL = {Osaka Math. J.},
    FJOURNAL = {Osaka Mathematical Journal},
    YEAR = {1966},
    VOLUME = {3},
    PAGES = {257--267},
    MRCLASS = {55.20 (57.00)},
    MRNUMBER = {211392},
    MRREVIEWER = {C. H. Giffen},
}

@book {magnus1966,
    AUTHOR = {Magnus, Wilhelm and Karrass, Abraham and Solitar, Donald},
    TITLE = {Combinatorial group theory: {P}resentations of groups in terms of generators and relations},
    PUBLISHER = {Interscience Publishers [John Wiley \& Sons, Inc.], Nowy Jork-Londyn-Sydney},
    YEAR = {1966},
    MRCLASS = {20.10},
    MRNUMBER = {0207802},
    MRREVIEWER = {Graham Higman},
}

@article {zieschang1966,
    AUTHOR = {Burde, Gerhard and Zieschang, Heiner},
    TITLE = {Eine {K}ennzeichnung der {T}orusknoten},
    JOURNAL = {Math. Ann.},
    FJOURNAL = {Mathematische Annalen},
    YEAR = {1966},
    VOLUME = {167},
    PAGES = {169--176},
    DOI = {10.1007/BF01362170},
    MRCLASS = {55.20},
    MRNUMBER = {210113},
    MRREVIEWER = {R. Bott},
}

@article {burde1967,
    AUTHOR = {Burde, Gerhard and Zieschang, Heiner},
    TITLE = {Neuwirthsche {K}noten und {F}lächenabbildungen},
    JOURNAL = {Abh. Math. Sem. Univ. Hamburg},
    FJOURNAL = {Abhandlungen aus dem Mathematischen Seminar der Universit\"{a}t Hamburg},
    YEAR = {1967},
}

@article {hirzebruch1968,
    AUTHOR = {Hirzebruch, Friedrich},
    TITLE = {Singularities and exotic spheres},
    JOURNAL = {Semin. {Bourbaki}},
    FJOURNAL = {Séminaire {B}ourbaki},
    YEAR = {1968},
    VOLUME = {314},
    PAGES = {1--20},
}

@article {waldhausen1968,
    AUTHOR = {Waldhausen, Friedhelm},
    TITLE = {On irreducible {$3$}-manifolds which are sufficiently large},
    JOURNAL = {Ann. of Math. (2)},
    FJOURNAL = {Annals of Mathematics. Second Series},
    YEAR = {1968},
    VOLUME = {87},
    PAGES = {56--88},
    DOI = {10.2307/1970594},
    MRCLASS = {57.05},
    MRNUMBER = {224099},
    MRREVIEWER = {W. Haken},
}

@article {garside1969,
    AUTHOR = {Garside, Frank A.},
    TITLE = {The braid group and other groups},
    JOURNAL = {Quart. J. Math. Oxford Ser. (2)},
    FJOURNAL = {The Quarterly Journal of Mathematics. Oxford. Second Series},
    YEAR = {1969},
    VOLUME = {20},
    PAGES = {235--254},
    DOI = {10.1093/qmath/20.1.235},
    MRCLASS = {55.20},
    MRNUMBER = {248801},
    MRREVIEWER = {L. Neuwirth},
}

@article {levine1969,
    AUTHOR = {Levine, Jerome},
    TITLE = {Knot cobordism groups in codimension two},
    JOURNAL = {Comment. Math. Helv.},
    FJOURNAL = {Commentarii Mathematici Helvetici},
    YEAR = {1969},
    VOLUME = {44},
    PAGES = {229--244},
    DOI = {10.1007/BF02564525},
    MRCLASS = {57.20},
    MRNUMBER = {246314},
    MRREVIEWER = {R. Schultz},
}

@article {magnus1969,
    AUTHOR = {Magnus, Wilhelm and Peluso, Ada},
    TITLE = {On a theorem of {V}. {I}. {A}rnold},
    JOURNAL = {Comm. Pure Appl. Math.},
    FJOURNAL = {Communications on Pure and Applied Mathematics},
    YEAR = {1969},
    VOLUME = {22},
    PAGES = {683--692},
    DOI = {10.1002/cpa.3160220508},
    MRCLASS = {30.45 (14.18)},
    MRNUMBER = {264062},
    MRREVIEWER = {F. Gherardelli},
}

@book {milnor1968,
    AUTHOR = {Milnor, John},
    TITLE = {Singular Points of Complex Hypersurfaces},
    PUBLISHER = {Princeton University Press},
    YEAR = {1969},
    VOLUME = {61},
    SERIES = {Annals of Mathematics Studies},
    DOI = {doi:10.1515/9781400881819},
}

@article {murasugi1969,
    AUTHOR = {Murasugi, Kunio},
    TITLE = {The {A}rf invariant for knot types},
    JOURNAL = {Proc. Amer. Math. Soc.},
    FJOURNAL = {Proceedings of the American Mathematical Society},
    YEAR = {1969},
    VOLUME = {21},
    PAGES = {69--72},
    DOI = {10.2307/2036859},
    MRCLASS = {55.20},
    MRNUMBER = {238301},
    MRREVIEWER = {L. Neuwirth},
}

@article {tristram1969,
    AUTHOR = {Tristram, Andrew G.},
    TITLE = {Some cobordism invariants for links},
    JOURNAL = {Proc. Cambridge Philos. Soc.},
    FJOURNAL = {Proceedings of the Cambridge Philosophical Society},
    YEAR = {1969},
    VOLUME = {66},
    PAGES = {251--264},
    DOI = {10.1017/s0305004100044947},
    MRCLASS = {57.01 (55.00)},
    MRNUMBER = {248854},
    MRREVIEWER = {H. E. Debrunner},
}

@incollection {conway1970,
    AUTHOR = {Conway, John H.},
    TITLE = {An enumeration of knots and links, and some of their algebraic properties},
    BOOKTITLE = {Computational {P}roblems in {A}bstract {A}lgebra ({P}roc. {C}onf., {O}xford, 1967)},
    PUBLISHER = {Pergamon, Oxford},
    YEAR = {1970},
    PAGES = {329--358},
    MRCLASS = {55.20},
    MRNUMBER = {0258014},
    MRREVIEWER = {H. E. Debrunner},
}

@article {levine1970,
    AUTHOR = {Levine, Jerome},
    TITLE = {An algebraic classification of some knots of codimension two},
    JOURNAL = {Comment. Math. Helv.},
    FJOURNAL = {Commentarii Mathematici Helvetici},
    YEAR = {1970},
    VOLUME = {45},
    PAGES = {185--198},
    DOI = {10.1007/BF02567325},
    MRCLASS = {57.20},
    MRNUMBER = {0266226},
    MRREVIEWER = {D. W. L. Sumners},
}

@article {bing1971,
    AUTHOR = {Bing, Ronly H. and Martin, Joseph M.},
    TITLE = {Cubes with knotted holes},
    JOURNAL = {Trans. Am. Math. Soc.},
    FJOURNAL = {Transactions of the American Mathematical Society},
    YEAR = {1971},
    VOLUME = {155},
    NUMBER = {1},
    PAGES = {217--231},
    DOI = {10.2307/1995474},
    MRNUMBER = {0278287},
}

@article {murasugi1971,
    AUTHOR = {Murasugi, Kunio},
    TITLE = {On periodic knots},
    JOURNAL = {Comment. Math. Helv.},
    FJOURNAL = {Commentarii Mathematici Helvetici},
    YEAR = {1971},
    VOLUME = {46},
    PAGES = {162--174},
    DOI = {10.1007/BF02566836},
    MRCLASS = {55A25},
    MRNUMBER = {0292060},
    MRREVIEWER = {Wilbur Whitten},
}

@article {riley1971,
    AUTHOR = {Riley, Robert},
    TITLE = {Homomorphisms of knot groups on finite groups},
    JOURNAL = {Math. Comp.},
    FJOURNAL = {Mathematics of Computation},
    YEAR = {1971},
    VOLUME = {25},
    PAGES = {603--619},
    DOI = {10.2307/2005224},
    MRCLASS = {55A25},
    MRNUMBER = {0295332},
    MRREVIEWER = {L. Neuwirth},
}

@article {shinohara1971,
    AUTHOR = {Shinohara, Yaichi},
    TITLE = {On the signature of knots and links},
    JOURNAL = {Trans. Amer. Math. Soc.},
    FJOURNAL = {Transactions of the American Mathematical Society},
    YEAR = {1971},
    VOLUME = {156},
    PAGES = {273--285},
    DOI = {10.2307/1995612},
    MRCLASS = {55.20},
    MRNUMBER = {275415},
    MRREVIEWER = {H. E. Debrunner},
}

@article {goodrick1972,
    AUTHOR = {Goodrick, Richard E.},
    TITLE = {Two bridge knots are alternating knots},
    JOURNAL = {Pacific J. Math.},
    FJOURNAL = {Pacific Journal of Mathematics},
    YEAR = {1972},
    VOLUME = {40},
    PAGES = {561--564},
    MRCLASS = {55A25},
    MRNUMBER = {315693},
    MRREVIEWER = {E. M. Brown},
}

@article {montesinos1973,
    AUTHOR = {Montesinos, José M.},
    TITLE = {Seifert manifolds that are ramified two-sheeted cyclic coverings},
    JOURNAL = {Bol. Soc. Mat. Mexicana (2)},
    FJOURNAL = {Bolet\'{\i}n de la Sociedad Matem\'{a}tica Mexicana. Segunda Serie},
    YEAR = {1973},
    VOLUME = {18},
    PAGES = {1--32},
    MRCLASS = {55A25},
    MRNUMBER = {341467},
    MRREVIEWER = {H. E. Debrunner},
}

@book {mostow1973,
    AUTHOR = {Mostow, George D.},
    TITLE = {Strong rigidity of locally symmetric spaces},
    PUBLISHER = {Princeton University Press, Princeton, N.J.; University of Tokyo Press, Tokio},
    YEAR = {1973},
    VOLUME = {78},
    SERIES = {Annals of Mathematics Studies},
    MRCLASS = {22E40 (53C35)},
    MRNUMBER = {0385004},
    MRREVIEWER = {M. S. Raghunathan},
}

@article {prasad1973,
    AUTHOR = {Prasad, Gopal},
    TITLE = {Strong rigidity of {${\mathbb Q}$}-rank {$1$} lattices},
    JOURNAL = {Invent. Math.},
    FJOURNAL = {Inventiones Mathematicae},
    YEAR = {1973},
    VOLUME = {21},
    PAGES = {255--286},
    DOI = {10.1007/BF01418789},
    MRCLASS = {22E40 (53C35)},
    MRNUMBER = {385005},
    MRREVIEWER = {M. S. Raghunathan},
}

@incollection {viro1973,
    AUTHOR = {Viro, Oleg J.},
    TITLE = {Двулистные разветвленные накрывающие трехмерной сферы},
    BOOKTITLE = {Исследования по топологии},
    PUBLISHER = {Изд-во «Наука», Ленинград},
    YEAR = {1973},
    VOLUME = {36},
    PAGES = {6--39},
    NOTE = {Dostępne tłumaczenie angielskie: Two-sheeted branched coverings of a three-dimensional sphere w \emph{Journal of Soviet Mathematics}, tom 8, strony 531--553, 1977},
}

@book {birman1974,
    AUTHOR = {Birman, Joan S.},
    TITLE = {Braids, links, and mapping class groups},
    PUBLISHER = {Princeton University Press, Princeton, N.J.; University of Tokyo Press, Tokio},
    YEAR = {1974},
    MRCLASS = {55A25},
    MRNUMBER = {0375281},
    MRREVIEWER = {Wilbur Whitten},
}

@article {perko1974,
    AUTHOR = {Perko, Kenneth A.},
    TITLE = {On the classification of knots},
    JOURNAL = {Proc. Amer. Math. Soc.},
    FJOURNAL = {Proceedings of the American Mathematical Society},
    YEAR = {1974},
    VOLUME = {45},
    NUMBER = {2},
    PAGES = {262-266},
}

@incollection {montesinos1975,
    AUTHOR = {Montesinos, José M.},
    TITLE = {Surgery on links and double branched covers of {$S^{3}$}},
    BOOKTITLE = {Knots, groups, and {$3$}-manifolds ({P}apers dedicated to the memory of {R}. {H}. {F}ox)},
    PUBLISHER = {Princeton University Press, Princeton, NJ},
    YEAR = {1975},
    PAGES = {227--259},
    MRCLASS = {57A10},
    MRNUMBER = {0380802},
    MRREVIEWER = {R. J. Daverman},
}

@incollection {perko1975,
    AUTHOR = {Perko, Kenneth A.},
    TITLE = {Octahedral knot covers},
    BOOKTITLE = {Knots, groups, and {$3$}-manifolds ({P}apers dedicated to the memory of {R}. {H}. {F}ox)},
    PUBLISHER = {Princeton University Press, Princeton, N.J.; University of Tokyo Press, Tokio},
    YEAR = {1975},
    PAGES = {47--50},
    MRCLASS = {55A25},
    MRNUMBER = {0377852},
    MRREVIEWER = {Wilbur Whitten},
}

@article {riley1975,
    AUTHOR = {Riley, Robert},
    TITLE = {A quadratic parabolic group},
    JOURNAL = {Math. Proc. Cambridge Philos. Soc.},
    FJOURNAL = {Mathematical Proceedings of the Cambridge Philosophical Society},
    YEAR = {1975},
    VOLUME = {77},
    PAGES = {281--288},
    DOI = {10.1017/S0305004100051094},
    MRCLASS = {30A58 (20H10 57A10)},
    MRNUMBER = {412416},
    MRREVIEWER = {B. Maskit},
}

@book {rolfsen1976,
    AUTHOR = {Rolfsen, Dale},
    TITLE = {Knots and links},
    PUBLISHER = {Publish or Perish, Inc., Berkeley, Calif.},
    YEAR = {1976},
    VOLUME = {7},
    SERIES = {Mathematics Lecture Series},
    MRCLASS = {55-01},
    MRNUMBER = {0515288},
}

@article {sakai1977,
    AUTHOR = {Sakai, Tsuyoshi},
    TITLE = {A remark on the {A}lexander polynomials of knots},
    JOURNAL = {Math. Sem. Notes Kobe Univ.},
    FJOURNAL = {Kobe University. Mathematics Seminar Notes},
    YEAR = {1977},
    VOLUME = {5},
    NUMBER = {3},
    PAGES = {451--456},
    MRCLASS = {55A25},
    MRNUMBER = {494064},
    MRREVIEWER = {J. P. Levine},
}

@article {burde1978,
    AUTHOR = {Burde, Gerhard},
    TITLE = {Über periodische {K}noten},
    JOURNAL = {Arch. Math.},
    FJOURNAL = {Archiv der Mathematik},
    YEAR = {1978},
    VOLUME = {30},
    NUMBER = {1},
    PAGES = {487--492},
    DOI = {10.1007/BF01226090},
}

@inproceedings {casson1978,
    AUTHOR = {Casson, Andrew J. and Gordon, Cameron McA.},
    TITLE = {On slice knots in dimension three},
    BOOKTITLE = {Algebraic and geometric topology ({P}roc. {S}ympos. {P}ure {M}ath., {S}tanford {U}niv., {S}tanford, {C}alif., 1976), {P}art 2},
    YEAR = {1978},
    SERIES = {Proc. Sympos. Pure Math., XXXII},
    PAGES = {39--53},
    PUBLISHER = {Amer. Math. Soc., Providence, R.I.},
    MRCLASS = {57M25},
    MRNUMBER = {520521},
}

@article {feustel1978,
    AUTHOR = {Feustel, Charles D. and Whitten, Wilbur},
    TITLE = {Groups and complements of knots},
    JOURNAL = {Canad. J. Math.},
    FJOURNAL = {Canadian Journal of Mathematics. Journal Canadien de Math\'ematiques},
    YEAR = {1978},
    VOLUME = {30},
    NUMBER = {6},
    PAGES = {1284--1295},
    DOI = {10.4153/CJM-1978-105-0},
    MRCLASS = {57M25},
    MRNUMBER = {511562},
    MRREVIEWER = {L. Neuwirth},
}

@article {gordon1978,
    AUTHOR = {Gordon, Cameron McA. and Litherland, Richard A.},
    TITLE = {On the signature of a link},
    JOURNAL = {Invent. Math.},
    FJOURNAL = {Inventiones Mathematicae},
    YEAR = {1978},
    VOLUME = {47},
    NUMBER = {1},
    PAGES = {53--69},
    DOI = {10.1007/BF01609479},
    MRCLASS = {55A25},
    MRNUMBER = {500905},
    MRREVIEWER = {Wilbur Whitten},
}

@article {rosenstiehl1978,
    AUTHOR = {Rosenstiehl, Pierre and Read, Ronald C.},
    TITLE = {On the principal edge tripartition of a graph},
    JOURNAL = {Ann. Discrete Math.},
    FJOURNAL = {Annals of Discrete Mathematics},
    YEAR = {1978},
    VOLUME = {3},
    PAGES = {195--226},
    MRCLASS = {05C99},
    MRNUMBER = {505877},
    MRREVIEWER = {Charles H. C. Little},
}

@phdthesis {bonahon1979,
    AUTHOR = {Bonahon, Francis},
    TITLE = {Involutions et fibrés de Seifert dans les variétés de dimension 3},
    SCHOOL = {University of Paris XI (Orsay)},
    YEAR = {1979},
}

@article {hartley1979,
    AUTHOR = {Hartley, Richard and Kawauchi, Akio},
    TITLE = {Polynomials of amphicheiral knots},
    JOURNAL = {Math. Ann.},
    FJOURNAL = {Mathematische Annalen},
    YEAR = {1979},
    VOLUME = {243},
    NUMBER = {1},
    PAGES = {63--70},
    DOI = {10.1007/BF01420207},
    MRCLASS = {57M25},
    MRNUMBER = {543095},
    MRREVIEWER = {Hale F. Trotter},
}

@article {jaco1979,
    AUTHOR = {Jaco, William H. and Shalen, Peter B.},
    TITLE = {Seifert fibered spaces in {$3$}-manifolds},
    JOURNAL = {Mem. Amer. Math. Soc.},
    FJOURNAL = {Memoirs of the American Mathematical Society},
    YEAR = {1979},
    VOLUME = {21},
    NUMBER = {220},
    PAGES = {viii+192},
    DOI = {10.1090/memo/0220},
    MRCLASS = {57N10},
    MRNUMBER = {539411},
    MRREVIEWER = {Hugh M. Hilden},
}

@book {johannson1979,
    AUTHOR = {Johannson, Klaus},
    TITLE = {Homotopy equivalences of {$3$}-manifolds with boundaries},
    PUBLISHER = {Springer, Berlin},
    YEAR = {1979},
    VOLUME = {761},
    SERIES = {Lecture Notes in Mathematics},
    MRCLASS = {57N10},
    MRNUMBER = {551744},
    MRREVIEWER = {John Hempel},
}

@article {kondo1979,
    AUTHOR = {Kondo, Hisako},
    TITLE = {Knots of unknotting number {$1$} and their {A}lexander polynomials},
    JOURNAL = {Osaka Math. J.},
    FJOURNAL = {Osaka Mathematical Journal},
    YEAR = {1979},
    VOLUME = {16},
    NUMBER = {2},
    PAGES = {551--559},
    MRCLASS = {57M25},
    MRNUMBER = {539606},
    MRREVIEWER = {Wilbur Whitten},
}

@inproceedings {litherland1979,
    AUTHOR = {Litherland, Richard A.},
    TITLE = {Signatures of iterated torus knots},
    BOOKTITLE = {Topology of low-dimensional manifolds ({P}roc. {S}econd {S}ussex {C}onf., {C}helwood {G}ate, 1977)},
    YEAR = {1979},
    VOLUME = {722},
    SERIES = {Lecture Notes in Math.},
    PAGES = {71--84},
    PUBLISHER = {Springer, Berlin},
    MRCLASS = {57M25},
    MRNUMBER = {547456},
    MRREVIEWER = {Lee Rudolph},
}

@article {quach1979,
    AUTHOR = {Quach, Câm V.},
    TITLE = {Polynôme d’Alexander des nœuds fibrés},
    JOURNAL = {{C. R. Acad. Sci.}},
    FJOURNAL = {{Comptes Rendus de l'Académie des Sciences}},
    YEAR = {1979},
    MRNUMBER = {TODO TO BE DONE},
}

@inproceedings {riley1979,
    AUTHOR = {Riley, Robert},
    TITLE = {An elliptical path from parabolic representations to hyperbolic structures},
    BOOKTITLE = {Topology of low-dimensional manifolds ({P}roc. {S}econd {S}ussex {C}onf., {C}helwood {G}ate, 1977)},
    YEAR = {1979},
    VOLUME = {722},
    SERIES = {Lecture Notes in Math.},
    PAGES = {99--133},
    PUBLISHER = {Springer, Berlin},
    MRCLASS = {57N10 (30F40 57M25)},
    MRNUMBER = {547459},
    MRREVIEWER = {G. Peter Scott},
}

@unpublished {siebenmann1979,
    AUTHOR = {Bonahon, Francis and Siebenmann, Laurent},
    TITLE = {Les nœuds algébriques},
    NOTE = {1979},
}

@book {boileau1980,
    AUTHOR = {Boileau, Michel and Siebenmann, Laurent},
    TITLE = {A planar classification of pretzel knots and Montesinos knots},
    PUBLISHER = {Universit{\'e} de Paris-Sud. D{\'e}partement de Math{\'e}matique},
    YEAR = {1980},
}

@article {dyer1980,
    AUTHOR = {Dyer, Joan L.},
    TITLE = {The algebraic braid groups are torsion-free: an algebraic proof},
    JOURNAL = {Math. Z.},
    FJOURNAL = {Mathematische Zeitschrift},
    YEAR = {1980},
    VOLUME = {172},
    NUMBER = {2},
    PAGES = {157--160},
    DOI = {10.1007/BF01182400},
    MRCLASS = {20F36},
    MRNUMBER = {580857},
}

@article {hartley1980,
    AUTHOR = {Hartley, Richard},
    TITLE = {Knots and involutions},
    JOURNAL = {Math. Z.},
    FJOURNAL = {Mathematische Zeitschrift},
    YEAR = {1980},
    VOLUME = {171},
    NUMBER = {2},
    PAGES = {175--185},
    DOI = {10.1007/BF01176707},
    MRCLASS = {57M25},
    MRNUMBER = {570907},
    MRREVIEWER = {L. Neuwirth},
}

@article {perko1980,
    AUTHOR = {Perko, Kenneth A.},
    TITLE = {Invariants of 11-crossing knots},
    JOURNAL = {Ast\'{e}risque},
    FJOURNAL = {Ast\'{e}risque},
    YEAR = {1980},
    DOI = {10.13140/RG.2.1.2774.0007},
}

@article {tollefson1980,
    AUTHOR = {Kim, Paik-Kee and Tollefson, Jeffrey L.},
    TITLE = {Splitting the {PL} involutions of nonprime {$3$}-manifolds},
    JOURNAL = {Michigan Math. J.},
    FJOURNAL = {Michigan Mathematical Journal},
    YEAR = {1980},
    VOLUME = {27},
    NUMBER = {3},
    PAGES = {259--274},
    MRCLASS = {57N10 (57S17)},
    MRNUMBER = {584691},
    MRREVIEWER = {K. W. Kwun},
}

@article {hillman1981,
    AUTHOR = {Hillman, Jonathan A.},
    TITLE = {The {T}orres conditions are insufficient},
    JOURNAL = {Math. Proc. Cambridge Philos. Soc.},
    FJOURNAL = {Mathematical Proceedings of the Cambridge Philosophical Society},
    YEAR = {1981},
    VOLUME = {89},
    NUMBER = {1},
    PAGES = {19--22},
    DOI = {10.1017/S0305004100057893},
    MRCLASS = {57M25},
    MRNUMBER = {591967},
    MRREVIEWER = {Louis H. Kauffman},
}

@article {jiang1981,
    AUTHOR = {Jiang, Boju},
    TITLE = {A simple proof that the concordance group of algebraically slice knots is infinitely generated},
    JOURNAL = {Proc. Amer. Math. Soc.},
    FJOURNAL = {Proceedings of the American Mathematical Society},
    YEAR = {1981},
    VOLUME = {83},
    NUMBER = {1},
    PAGES = {189--192},
    DOI = {10.2307/2043920},
    MRCLASS = {57M25},
    MRNUMBER = {620010},
    MRREVIEWER = {Bradd Evans Clark},
}

@article {kanenobu1981,
    AUTHOR = {Kanenobu, Taizo},
    TITLE = {Module d'{A}lexander des nœuds fibrés et polynôme de {H}osokawa des lacements fibrés},
    JOURNAL = {Math. Sem. Notes Kobe Univ.},
    FJOURNAL = {Kobe University. Mathematics Seminar Notes},
    YEAR = {1981},
    VOLUME = {9},
    NUMBER = {1},
    PAGES = {75--84},
    MRCLASS = {57M25},
    MRNUMBER = {633997},
    MRREVIEWER = {G. Burde},
}

@article {litherland1981,
    AUTHOR = {Gordon, Cameron McA. and Litherland, Richard A. and Murasugi, Kunio},
    TITLE = {Signatures of covering links},
    JOURNAL = {Canadian Journal of Mathematics. Journal Canadien de Math\'ematiques},
    FJOURNAL = {Canad. J. Math.},
    YEAR = {1981},
    VOLUME = {33},
    NUMBER = {2},
    PAGES = {381--394},
    DOI = {10.4153/CJM-1981-032-3},
    MRCLASS = {57M25},
    MRNUMBER = {617628},
    MRREVIEWER = {J. P. Levine},
}

@article {nakanishi1981,
    AUTHOR = {Nakanishi, Yasutaka},
    TITLE = {A note on unknotting number},
    JOURNAL = {Math. Sem. Notes Kobe Univ.},
    FJOURNAL = {Kobe University. Mathematics Seminar Notes},
    YEAR = {1981},
    VOLUME = {9},
    NUMBER = {1},
    PAGES = {99--108},
    MRCLASS = {57M25},
    MRNUMBER = {634000},
    MRREVIEWER = {G. Burde},
}

@article {whitten1981,
    AUTHOR = {Whitten, Wilbur},
    TITLE = {Inverting double knots},
    JOURNAL = {Pacific J. Math.},
    FJOURNAL = {Pacific Journal of Mathematics},
    YEAR = {1981},
    VOLUME = {97},
    NUMBER = {1},
    PAGES = {209--216},
    MRCLASS = {57M25},
    MRNUMBER = {638190},
    MRREVIEWER = {Mark E. Kidwell},
}

@inproceedings {wielenberg1981,
    AUTHOR = {Wielenberg, Norbert J.},
    TITLE = {Hyperbolic {$3$}-manifolds which share a fundamental polyhedron},
    BOOKTITLE = {Riemann surfaces and related topics: {P}roceedings of the 1978 {S}tony {B}rook {C}onference ({S}tate {U}niv. {N}ew {Y}ork, {S}tony {B}rook, {N}.{Y}., 1978)},
    YEAR = {1981},
    VOLUME = {97},
    SERIES = {Ann. of Math. Stud.},
    PAGES = {505--513},
    PUBLISHER = {Princeton Univ. Press, Princeton, N.J.},
    MRCLASS = {57N10},
    MRNUMBER = {624835},
    MRREVIEWER = {Troels J\o rgensen},
}

@book {caudron1982,
    AUTHOR = {Caudron, Alain},
    TITLE = {Classification des nœuds et des enlacements},
    PUBLISHER = {Universit\'{e} de Paris-Sud, D\'{e}partement de Math\'{e}matique, Orsay},
    YEAR = {1982},
    VOLUME = {4},
    SERIES = {Publications Math\'{e}matiques d'Orsay 82 [Mathematical Publications of Orsay 82]},
    MRCLASS = {57M25},
    MRNUMBER = {679310},
    MRREVIEWER = {Sergej V. Matveev},
}

@phdthesis {cooper1982,
    AUTHOR = {Cooper, Daryl},
    TITLE = {Signature of surfaces in 3-manifolds and applications to knot and link cobordism},
    SCHOOL = {University of Warwick},
    YEAR = {1982},
}

@article {freedman1982,
    AUTHOR = {Freedman, Michael H.},
    TITLE = {The topology of four-dimensional manifolds},
    JOURNAL = {J. Differential Geometry},
    FJOURNAL = {Journal of Differential Geometry},
    YEAR = {1982},
    VOLUME = {17},
    NUMBER = {3},
    PAGES = {357--453},
    MRCLASS = {57N12 (57R80 57R99)},
    MRNUMBER = {679066},
    MRREVIEWER = {John J. Walsh},
}

@article {giller1982,
    AUTHOR = {Giller, Cole A.},
    TITLE = {A family of links and the {C}onway calculus},
    JOURNAL = {Trans. Amer. Math. Soc.},
    FJOURNAL = {Transactions of the American Mathematical Society},
    YEAR = {1982},
    VOLUME = {270},
    NUMBER = {1},
    PAGES = {75--109},
    DOI = {10.2307/1999762},
    MRCLASS = {57M25 (57M12)},
    MRNUMBER = {642331},
    MRREVIEWER = {R. C. Kirby},
}

@article {perko1982,
    AUTHOR = {Perko, Kenneth A.},
    TITLE = {Primality of certain knots},
    JOURNAL = {Topology Proc.},
    FJOURNAL = {Topology Proceedings},
    YEAR = {1982},
    VOLUME = {7},
    NUMBER = {1},
    PAGES = {109--118},
    MRCLASS = {57M25},
    MRNUMBER = {696625},
    MRREVIEWER = {G. Burde},
}

@article {thurston1982,
    AUTHOR = {Thurston, William P.},
    TITLE = {Three-dimensional manifolds, {K}leinian groups and hyperbolic geometry},
    JOURNAL = {Bull. Amer. Math. Soc. (N.S.)},
    FJOURNAL = {American Mathematical Society. Bulletin. New Series},
    YEAR = {1982},
    VOLUME = {6},
    NUMBER = {3},
    PAGES = {357--381},
    DOI = {10.1090/S0273-0979-1982-15003-0},
    MRCLASS = {57N10 (20H15 30F40 57M35 57M40 57S17)},
    MRNUMBER = {648524},
    MRREVIEWER = {Klaus Johannson},
}

@phdthesis {adams1983,
    AUTHOR = {Adams, Colin C.},
    TITLE = {Hyperbolic structures on link complements},
    SCHOOL = {The University of Wisconsin, Madison},
    YEAR = {1983},
    MRCLASS = {Thesis},
    MRNUMBER = {2633211},
}

@article {donaldson1983,
    AUTHOR = {Donaldson, Simon K.},
    TITLE = {An application of gauge theory to four-dimensional topology},
    JOURNAL = {J. Differential Geom.},
    FJOURNAL = {Journal of Differential Geometry},
    YEAR = {1983},
    VOLUME = {18},
    NUMBER = {2},
    PAGES = {279--315},
    MRCLASS = {57N13 (53C05 57R10 57R55 58E15)},
    MRNUMBER = {710056},
    MRREVIEWER = {R. C. Kirby},
}

@article {dowker1983,
    AUTHOR = {Dowker, Clifford H. and Thistlethwaite, Morwen B.},
    TITLE = {Classification of knot projections},
    JOURNAL = {Topology Appl.},
    FJOURNAL = {Topology and its Applications},
    YEAR = {1983},
    VOLUME = {16},
    NUMBER = {1},
    PAGES = {19--31},
    DOI = {10.1016/0166-8641(83)90004-4},
    MRCLASS = {57M25},
    MRNUMBER = {702617},
}

@book {kauffman1983,
    AUTHOR = {Kauffman, Louis H.},
    TITLE = {Formal knot theory},
    PUBLISHER = {Princeton University Press, Princeton, NJ},
    YEAR = {1983},
    VOLUME = {30},
    SERIES = {Mathematical Notes},
    MRCLASS = {57M25},
    MRNUMBER = {712133},
    MRREVIEWER = {Hale F. Trotter},
}

@article {livingston1983,
    AUTHOR = {Livingston, Charles},
    TITLE = {Knots which are not concordant to their reverses},
    JOURNAL = {Quart. J. Math. Oxford Ser. (2)},
    FJOURNAL = {The Quarterly Journal of Mathematics. Oxford. Second Series},
    YEAR = {1983},
    VOLUME = {34},
    NUMBER = {135},
    PAGES = {323--328},
    DOI = {10.1093/qmath/34.3.323},
    MRCLASS = {57M25 (57Q60)},
    MRNUMBER = {711524},
    MRREVIEWER = {Cameron McA. Gordon},
}

@article {morton1983,
    AUTHOR = {Morton, Hugh R.},
    TITLE = {Fibred knots with a given Alexander polynomial},
    JOURNAL = {{Monogr. Enseign. Math.}},
    FJOURNAL = {{Monographs of L'Enseignement Mathématique}},
    YEAR = {1983},
    MRNUMBER = {TODO TO BE DONE},
}

@article {nakanishi1983,
    AUTHOR = {Nakanishi, Yasutaka},
    TITLE = {Unknotting numbers and knot diagrams with the minimum crossings},
    JOURNAL = {Math. Sem. Notes Kobe Univ.},
    FJOURNAL = {Kobe University. Mathematics Seminar Notes},
    YEAR = {1983},
    VOLUME = {11},
    NUMBER = {2},
    PAGES = {257--258},
    MRCLASS = {57M25},
    MRNUMBER = {749196},
    MRREVIEWER = {L. O. Cannon},
}

@article {sakai1983,
    AUTHOR = {Sakai, Tsuyoshi},
    TITLE = {Polynomials of invertible knots},
    JOURNAL = {Math. Ann.},
    FJOURNAL = {Mathematische Annalen},
    YEAR = {1983},
    VOLUME = {266},
    NUMBER = {2},
    PAGES = {229--232},
    DOI = {10.1007/BF01458444},
    MRCLASS = {57M25},
    MRNUMBER = {724739},
    MRREVIEWER = {G. Burde},
}

@article {trace1983,
    AUTHOR = {Trace, Bruce},
    TITLE = {On the {R}eidemeister moves of a classical knot},
    JOURNAL = {Proc. Amer. Math. Soc.},
    FJOURNAL = {Proceedings of the American Mathematical Society},
    YEAR = {1983},
    VOLUME = {89},
    NUMBER = {4},
    PAGES = {722--724},
    DOI = {10.2307/2044613},
    MRCLASS = {57M25},
    MRNUMBER = {719004},
    MRREVIEWER = {G. Burde},
}

@article {bleiler1984,
    AUTHOR = {Bleiler, Steven A.},
    TITLE = {A note on unknotting number},
    JOURNAL = {Math. Proc. Cambridge Philos. Soc.},
    FJOURNAL = {Mathematical Proceedings of the Cambridge Philosophical Society},
    YEAR = {1984},
    VOLUME = {96},
    NUMBER = {3},
    PAGES = {469--471},
    DOI = {10.1017/S0305004100062381},
    MRCLASS = {57M25},
    MRNUMBER = {757839},
    MRREVIEWER = {V. G. Turaev},
}

@article {menasco1984,
    AUTHOR = {Menasco, William W.},
    TITLE = {Closed incompressible surfaces in alternating knot and link complements},
    JOURNAL = {Topology. An International Journal of Mathematics},
    FJOURNAL = {Topology},
    YEAR = {1984},
    VOLUME = {23},
    NUMBER = {1},
    PAGES = {37--44},
    DOI = {10.1016/0040-9383(84)90023-5},
    MRCLASS = {57M25},
    MRNUMBER = {721450},
    MRREVIEWER = {Cameron McA. Gordon},
}

@book {morgan1984,
    AUTHOR = {Morgan, John W. and Bass, Hyman},
    TITLE = {The {S}mith conjecture},
    PUBLISHER = {Academic Press, Inc., Orlando, FL},
    YEAR = {1984},
    VOLUME = {112},
    SERIES = {Pure and Applied Mathematics},
    MRCLASS = {57-06 (57N10 57S17 57S25)},
    MRNUMBER = {758459},
    MRREVIEWER = {Allan Edmonds},
}

@article {oertel1984,
    AUTHOR = {Oertel, Ulrich},
    TITLE = {Closed incompressible surfaces in complements of star links},
    JOURNAL = {Pacific J. Math.},
    FJOURNAL = {Pacific Journal of Mathematics},
    YEAR = {1984},
    VOLUME = {111},
    NUMBER = {1},
    PAGES = {209--230},
    MRCLASS = {57M25},
    MRNUMBER = {732067},
    MRREVIEWER = {G. Burde},
}

@article {homfly1985,
    AUTHOR = {Freyd, Peter and Yetter, David and Hoste, Jim and Lickorish, William B. R. and Millett, Kenneth C. and Ocneanu, Adrian},
    TITLE = {A new polynomial invariant of knots and links},
    JOURNAL = {Bull. Amer. Math. Soc. (N.S.)},
    FJOURNAL = {American Mathematical Society. Bulletin. New Series},
    YEAR = {1985},
    VOLUME = {12},
    NUMBER = {2},
    PAGES = {239--246},
    DOI = {10.1090/S0273-0979-1985-15361-3},
    MRCLASS = {57M25},
    MRNUMBER = {776477},
    MRREVIEWER = {J. S. Birman},
}

@article {jones1985,
    AUTHOR = {Jones, Vaughan F. R.},
    TITLE = {A polynomial invariant for knots via von {N}eumann algebras},
    JOURNAL = {American Mathematical Society. Bulletin. New Series},
    FJOURNAL = {Bull. Amer. Math. Soc. (N.S.)},
    YEAR = {1985},
    VOLUME = {12},
    NUMBER = {1},
    PAGES = {103--111},
    DOI = {10.1090/S0273-0979-1985-15304-2},
    MRCLASS = {57M25 (46L10)},
    MRNUMBER = {766964},
    MRREVIEWER = {J. S. Birman},
}

@article {lannes1985,
    AUTHOR = {Lannes, Jean},
    TITLE = {Sur l'invariant de {K}ervaire des nœuds classiques},
    JOURNAL = {Comment. Math. Helv.},
    FJOURNAL = {Commentarii Mathematici Helvetici},
    YEAR = {1985},
    VOLUME = {60},
    NUMBER = {2},
    PAGES = {179--192},
    DOI = {10.1007/BF02567409},
    MRCLASS = {57M25},
    MRNUMBER = {800002},
    MRREVIEWER = {J. P. Levine},
}

@incollection {lickorish1985,
    AUTHOR = {Lickorish, William B. R.},
    TITLE = {The unknotting number of a classical knot},
    BOOKTITLE = {Combinatorial methods in topology and algebraic geometry ({R}ochester, {N}.{Y}., 1982)},
    PUBLISHER = {Amer. Math. Soc., Providence, RI},
    YEAR = {1985},
    VOLUME = {44},
    SERIES = {Contemp. Math.},
    PAGES = {117--121},
    DOI = {10.1090/conm/044/813107},
    MRCLASS = {57M25},
    MRNUMBER = {813107},
    MRREVIEWER = {Charles Livingston},
}

@article {murasugi1985,
    AUTHOR = {Murasugi, Kunio},
    TITLE = {On the {A}lexander polynomial of alternating algebraic knots},
    JOURNAL = {J. Austral. Math. Soc. Ser. A},
    FJOURNAL = {Australian Mathematical Society. Journal. Series A. Pure Mathematics and Statistics},
    YEAR = {1985},
    VOLUME = {39},
    NUMBER = {3},
    PAGES = {317--333},
    MRCLASS = {57M25},
    MRNUMBER = {802722},
    MRREVIEWER = {Louis H. Kauffman},
}

@article {neumann1985,
    AUTHOR = {Neumann, Walter D. and Zagier, Don},
    TITLE = {Volumes of hyperbolic three-manifolds},
    JOURNAL = {Topology},
    FJOURNAL = {Topology. An International Journal of Mathematics},
    YEAR = {1985},
    VOLUME = {24},
    NUMBER = {3},
    PAGES = {307--332},
    DOI = {10.1016/0040-9383(85)90004-7},
    MRCLASS = {57N10 (22E40 53C20)},
    MRNUMBER = {815482},
    MRREVIEWER = {Troels J\o rgensen},
}

@article {scharlemann1985,
    AUTHOR = {Scharlemann, Martin G.},
    TITLE = {Unknotting number one knots are prime},
    JOURNAL = {Inventiones Mathematicae},
    FJOURNAL = {Invent. Math.},
    YEAR = {1985},
    VOLUME = {82},
    NUMBER = {1},
    PAGES = {37--55},
    DOI = {10.1007/BF01394778},
    MRCLASS = {57M25},
    MRNUMBER = {808108},
    MRREVIEWER = {Steven H. Weintraub},
}

@phdthesis {weeks1985,
    AUTHOR = {Weeks, Jeffrey},
    TITLE = {Hyperbolic structures on 3-manifolds},
    SCHOOL = {Princeton University},
    YEAR = {1985},
}

@article {brandt1986,
    AUTHOR = {Brandt, Robert D. and Lickorish, William B. R. and Millett, Kenneth C.},
    TITLE = {A polynomial invariant for unoriented knots and links},
    JOURNAL = {Invent. Math.},
    FJOURNAL = {Inventiones Mathematicae},
    YEAR = {1986},
    VOLUME = {84},
    NUMBER = {3},
    PAGES = {563--573},
    DOI = {10.1007/BF01388747},
    MRCLASS = {57M25},
    MRNUMBER = {837528},
    MRREVIEWER = {Cameron McA. Gordon},
}

@incollection {casson1986,
    AUTHOR = {Casson, Andrew J. and Gordon, Cameron McA.},
    TITLE = {Cobordism of classical knots},
    BOOKTITLE = {\`A la recherche de la topologie perdue},
    PUBLISHER = {Birkh\"{a}user Boston, Boston, MA},
    YEAR = {1986},
    VOLUME = {62},
    SERIES = {Progr. Math.},
    PAGES = {181--199},
    MRCLASS = {57R90 (57M25)},
    MRNUMBER = {900252},
}

@article {cochran1986,
    AUTHOR = {Cochran, Thomas D. and Lickorish, William B. R.},
    TITLE = {Unknotting information from {$4$}-manifolds},
    JOURNAL = {Trans. Amer. Math. Soc.},
    FJOURNAL = {Transactions of the American Mathematical Society},
    YEAR = {1986},
    VOLUME = {297},
    NUMBER = {1},
    PAGES = {125--142},
    DOI = {10.2307/2000460},
    MRCLASS = {57M25 (57M12 57Q20 57Q60)},
    MRNUMBER = {849471},
    MRREVIEWER = {Martin Scharlemann},
}

@article {gabai1986,
    AUTHOR = {Gabai, David},
    TITLE = {Genera of the arborescent links},
    JOURNAL = {Mem. Amer. Math. Soc.},
    FJOURNAL = {Memoirs of the American Mathematical Society},
    YEAR = {1986},
    VOLUME = {59},
    NUMBER = {339},
    PAGES = {1--98},
    DOI = {10.1090/memo/0339},
    MRCLASS = {57M25 (57M35 57N10 57R20 57R30 57R95)},
    MRNUMBER = {823442},
    MRREVIEWER = {John Hempel},
}

@article {gompf1986,
    AUTHOR = {Gompf, Robert E.},
    TITLE = {Smooth concordance of topologically slice knots},
    JOURNAL = {Topology},
    FJOURNAL = {Topology. An International Journal of Mathematics},
    YEAR = {1986},
    VOLUME = {25},
    NUMBER = {3},
    PAGES = {353--373},
    DOI = {10.1016/0040-9383(86)90049-2},
    MRCLASS = {57M25 (57N70)},
    MRNUMBER = {842430},
    MRREVIEWER = {Martin Scharlemann},
}

@phdthesis {ho1986,
    AUTHOR = {Ho, Chi-Fai},
    TITLE = {On polynomial invariants for knots and links},
    SCHOOL = {California Institute of Technology},
    YEAR = {1986},
    MRCLASS = {Thesis},
    MRNUMBER = {2635346},
}

@article {kanenobu1986,
    AUTHOR = {Kanenobu, Taizo},
    TITLE = {Infinitely many knots with the same polynomial invariant},
    JOURNAL = {Proc. Amer. Math. Soc.},
    FJOURNAL = {Proceedings of the American Mathematical Society},
    YEAR = {1986},
    VOLUME = {97},
    NUMBER = {1},
    PAGES = {158--162},
    DOI = {10.2307/2046099},
    MRCLASS = {57M25},
    MRNUMBER = {831406},
    MRREVIEWER = {Sergej V. Matveev},
}

@article {kanenobumurakami1986,
    AUTHOR = {Kanenobu, Taizo and Murakami, Hitoshi},
    TITLE = {Two-bridge knots with unknotting number one},
    JOURNAL = {Proc. Amer. Math. Soc.},
    FJOURNAL = {Proceedings of the American Mathematical Society},
    YEAR = {1986},
    VOLUME = {98},
    NUMBER = {3},
    PAGES = {499--502},
    DOI = {10.2307/2046210},
    MRCLASS = {57M25},
    MRNUMBER = {857949},
    MRREVIEWER = {Mark E. Kidwell},
}

@article {lickorish1986,
    AUTHOR = {Lickorish, William B. R. and Millett, Kenneth C.},
    TITLE = {Some evaluations of link polynomials},
    JOURNAL = {Comment. Math. Helv.},
    FJOURNAL = {Commentarii Mathematici Helvetici},
    YEAR = {1986},
    VOLUME = {61},
    NUMBER = {3},
    PAGES = {349--359},
    DOI = {10.1007/BF02621920},
    MRCLASS = {57M25},
    MRNUMBER = {860127},
    MRREVIEWER = {J. S. Birman},
}

@article {lipson1986,
    AUTHOR = {Lipson, Andrew S.},
    TITLE = {An evaluation of a link polynomial},
    JOURNAL = {Math. Proc. Cambridge Philos. Soc.},
    FJOURNAL = {Mathematical Proceedings of the Cambridge Philosophical Society},
    YEAR = {1986},
    VOLUME = {100},
    NUMBER = {2},
    PAGES = {361--364},
    DOI = {10.1017/S0305004100077367},
    MRCLASS = {57M25},
    MRNUMBER = {848859},
    MRREVIEWER = {Kenneth C. Millett},
}

@article {morton1986,
    AUTHOR = {Morton, Hugh R.},
    TITLE = {Seifert circles and knot polynomials},
    JOURNAL = {Math. Proc. Cambridge Philos. Soc.},
    FJOURNAL = {Mathematical Proceedings of the Cambridge Philosophical Society},
    YEAR = {1986},
    VOLUME = {99},
    NUMBER = {1},
    PAGES = {107--109},
    DOI = {10.1017/S0305004100063982},
    MRCLASS = {57M25},
    MRNUMBER = {809504},
    MRREVIEWER = {J. S. Birman},
}

@article {mortonhr1986,
    AUTHOR = {Morton, Hugh R.},
    TITLE = {Threading knot diagrams},
    JOURNAL = {Math. Proc. Cambridge Philos. Soc.},
    FJOURNAL = {Mathematical Proceedings of the Cambridge Philosophical Society},
    YEAR = {1986},
    VOLUME = {99},
    NUMBER = {2},
    PAGES = {247--260},
    DOI = {10.1017/S0305004100064161},
    MRCLASS = {57M25 (20F36)},
    MRNUMBER = {817666},
    MRREVIEWER = {J. S. Birman},
}

@article {murakami1986,
    AUTHOR = {Murakami, Hitoshi},
    TITLE = {A recursive calculation of the {A}rf invariant of a link},
    JOURNAL = {J. Math. Soc. Japan},
    FJOURNAL = {Journal of the Mathematical Society of Japan},
    YEAR = {1986},
    VOLUME = {38},
    NUMBER = {2},
    PAGES = {335--338},
    DOI = {10.2969/jmsj/03820335},
    MRCLASS = {57M25},
    MRNUMBER = {833206},
    MRREVIEWER = {Louis H. Kauffman},
}

@article {turaev1986,
    AUTHOR = {Turaev, Vladimir G.},
    TITLE = {Кручение Райдемайстера в~теории узлов},
    JOURNAL = {Успекхи Мат. Наук},
    FJOURNAL = {Академия Наук СССР и Московское Математическое Общество. Успехи математических наук},
    YEAR = {1986},
    VOLUME = {41},
    NUMBER = {1(247)},
    PAGES = {97--147},
    NOTE = {Dostępne tłumaczenie angielskie: {R}eidemeister torsion in knot theory},
    MRCLASS = {57M25 (55U15 57Q10 57Q45)},
    MRNUMBER = {832411},
    MRREVIEWER = {Don\v{c}o Dimovski},
}

@article {culler1987,
    AUTHOR = {Culler, Marc and Gordon, Cameron McA. and Luecke, John and Shalen, Peter B.},
    TITLE = {Dehn surgery on knots},
    JOURNAL = {Ann. of Math. (2)},
    FJOURNAL = {Annals of Mathematics. Second Series},
    YEAR = {1987},
    VOLUME = {125},
    NUMBER = {2},
    PAGES = {237--300},
    DOI = {10.2307/1971311},
    MRCLASS = {57N12 (57M25 57M40)},
    MRNUMBER = {881270},
    MRREVIEWER = {John Hempel},
}

@article {ernst1987,
    AUTHOR = {Ernst, Claus and Sumners, De Witt W.},
    TITLE = {The growth of the number of prime knots},
    JOURNAL = {Math. Proc. Cambridge Philos. Soc.},
    FJOURNAL = {Mathematical Proceedings of the Cambridge Philosophical Society},
    YEAR = {1987},
    VOLUME = {102},
    NUMBER = {2},
    PAGES = {303--315},
    DOI = {10.1017/S0305004100067323},
    MRCLASS = {57M25},
    MRNUMBER = {898150},
    MRREVIEWER = {Mark E. Kidwell},
}

@article {franks1987,
    AUTHOR = {Franks, John and Williams, Robert F.},
    TITLE = {Braids and the {J}ones polynomial},
    JOURNAL = {Trans. Amer. Math. Soc.},
    FJOURNAL = {Transactions of the American Mathematical Society},
    YEAR = {1987},
    VOLUME = {303},
    NUMBER = {1},
    PAGES = {97--108},
    DOI = {10.2307/2000780},
    MRCLASS = {57M25},
    MRNUMBER = {896009},
    MRREVIEWER = {Kenneth C. Millett},
}

@article {kauffman1987,
    AUTHOR = {Kauffman, Louis H.},
    TITLE = {State models and the {J}ones polynomial},
    JOURNAL = {Topology},
    FJOURNAL = {Topology. An International Journal of Mathematics},
    YEAR = {1987},
    VOLUME = {26},
    NUMBER = {3},
    PAGES = {395--407},
    DOI = {10.1016/0040-9383(87)90009-7},
    MRCLASS = {57M25},
    MRNUMBER = {899057},
    MRREVIEWER = {J. S. Birman},
}

@article {kidwell1987,
    AUTHOR = {Kidwell, Mark E.},
    TITLE = {On the Degree of the {B}randt-{L}ickorish-{M}illett-{H}o Polynomial of a Link},
    JOURNAL = {Proc. Amer. Math. Soc.},
    FJOURNAL = {Proceedings of the American Mathematical Society},
    YEAR = {1987},
    VOLUME = {100},
    NUMBER = {4},
    PAGES = {755--762},
    DOI = {https://doi.org/10.2307/2046718},
}

@article {kohno1987,
    AUTHOR = {Kohno, Toshitake},
    TITLE = {Monodromy representations of braid groups and {Y}ang-{B}axter equations},
    JOURNAL = {Ann. Inst. Fourier (Grenoble)},
    FJOURNAL = {Universit\'{e} de Grenoble. Annales de l'Institut Fourier},
    YEAR = {1987},
    VOLUME = {37},
    NUMBER = {4},
    PAGES = {139--160},
    DOI = {10.5802/aif.1114},
    MRCLASS = {17B65 (32C40 58A15 58F07 82A69)},
    MRNUMBER = {927394},
}

@article {lickorish1987,
    AUTHOR = {Lickorish, William B. R. and Millett, Kenneth C.},
    TITLE = {A polynomial invariant of oriented links},
    JOURNAL = {Topology},
    FJOURNAL = {Topology. An International Journal of Mathematics},
    YEAR = {1987},
    VOLUME = {26},
    NUMBER = {1},
    PAGES = {107--141},
    DOI = {10.1016/0040-9383(87)90025-5},
    MRCLASS = {57M25},
    MRNUMBER = {880512},
    MRREVIEWER = {J\'ozef H. Przytycki},
}

@article {lipson1987,
    AUTHOR = {Lickorish, William B. R. and Lipson, Andrew S.},
    TITLE = {Polynomials of {$2$}-cable-like links},
    JOURNAL = {Proc. Amer. Math. Soc.},
    FJOURNAL = {Proceedings of the American Mathematical Society},
    YEAR = {1987},
    VOLUME = {100},
    NUMBER = {2},
    PAGES = {355--361},
    DOI = {10.2307/2045971},
    MRCLASS = {57M25},
    MRNUMBER = {884479},
    MRREVIEWER = {Hugh Reynolds Morton},
}

@article {luecke1987,
    AUTHOR = {Gordon, Cameron McA. and Luecke, John},
    TITLE = {Only integral {D}ehn surgeries can yield reducible manifolds},
    JOURNAL = {Math. Proc. Cambridge Philos. Soc.},
    FJOURNAL = {Mathematical Proceedings of the Cambridge Philosophical Society},
    YEAR = {1987},
    VOLUME = {102},
    NUMBER = {1},
    PAGES = {97--101},
    DOI = {10.1017/S0305004100067086},
    MRCLASS = {57M25},
    MRNUMBER = {886439},
}

@article {moriah1987,
    AUTHOR = {Moriah, Yoav},
    TITLE = {On the free genus of knots},
    JOURNAL = {Proc. Amer. Math. Soc.},
    FJOURNAL = {Proceedings of the American Mathematical Society},
    YEAR = {1987},
    VOLUME = {99},
    NUMBER = {2},
    PAGES = {373--379},
    DOI = {10.2307/2046644},
    MRCLASS = {57M25},
    MRNUMBER = {870804},
    MRREVIEWER = {Taizo Kanenobu},
}

@article {murasugi1987,
    AUTHOR = {Murasugi, Kunio},
    TITLE = {Jones polynomials and classical conjectures in knot theory},
    JOURNAL = {Topology},
    FJOURNAL = {Topology. An International Journal of Mathematics},
    YEAR = {1987},
    VOLUME = {26},
    NUMBER = {2},
    PAGES = {187--194},
    DOI = {10.1016/0040-9383(87)90058-9},
    MRCLASS = {57M25},
    MRNUMBER = {895570},
    MRREVIEWER = {Louis H. Kauffman},
}

@article {przytycki1987,
    AUTHOR = {Przytycki, Józef H. and Traczyk, Paweł},
    TITLE = {Conway algebras and skein equivalence of links},
    JOURNAL = {Proc. Amer. Math. Soc.},
    FJOURNAL = {Proceedings of the American Mathematical Society},
    YEAR = {1987},
    VOLUME = {100},
    NUMBER = {4},
    PAGES = {744--748},
    DOI = {10.2307/2046716},
    MRCLASS = {57M25},
    MRNUMBER = {894448},
    MRREVIEWER = {Kenneth C. Millett},
}

@article {ruberman1987,
    AUTHOR = {Ruberman, Daniel},
    TITLE = {Mutation and volumes of knots in {$S^3$}},
    JOURNAL = {Invent. Math.},
    FJOURNAL = {Inventiones Mathematicae},
    YEAR = {1987},
    VOLUME = {90},
    NUMBER = {1},
    PAGES = {189--215},
    DOI = {10.1007/BF01389038},
    MRCLASS = {57N10 (57M25)},
    MRNUMBER = {906585},
    MRREVIEWER = {J. H. Rubinstein},
}

@article {thistlethwaite1987,
    AUTHOR = {Thistlethwaite, Morwen B.},
    TITLE = {A spanning tree expansion of the {J}ones polynomial},
    JOURNAL = {Topology},
    FJOURNAL = {Topology. An International Journal of Mathematics},
    YEAR = {1987},
    VOLUME = {26},
    NUMBER = {3},
    PAGES = {297--309},
    DOI = {10.1016/0040-9383(87)90003-6},
    MRCLASS = {57M25},
    MRNUMBER = {899051},
    MRREVIEWER = {G. Burde},
}

@article {whitten1987,
    AUTHOR = {Whitten, Wilbur},
    TITLE = {Knot complements and groups},
    JOURNAL = {Topology},
    FJOURNAL = {Topology. An International Journal of Mathematics},
    YEAR = {1987},
    VOLUME = {26},
    NUMBER = {1},
    PAGES = {41--44},
    DOI = {10.1016/0040-9383(87)90019-X},
    MRCLASS = {57M25},
    MRNUMBER = {880506},
    MRREVIEWER = {Martin Scharlemann},
}

@article {yamada1987,
    AUTHOR = {Yamada, Shuji},
    TITLE = {The minimal number of {S}eifert circles equals the braid index of a link},
    JOURNAL = {Invent. Math.},
    FJOURNAL = {Inventiones Mathematicae},
    YEAR = {1987},
    VOLUME = {89},
    NUMBER = {2},
    PAGES = {347--356},
    DOI = {10.1007/BF01389082},
    MRCLASS = {57M25},
    MRNUMBER = {894383},
    MRREVIEWER = {Hugh Reynolds Morton},
}

@article {fomenko1988,
    AUTHOR = {Matveev, Sergei V. and Fomenko, Aanatoly T.},
    TITLE = {Изоэнергетические поверхности гамильтоновых систем, перечисление трехмерных многообразий в порядке возрастания их сложности и вычисление объемов замкнутых гиперболических многообразий},
    JOURNAL = {Успекхи Мат. Наук},
    FJOURNAL = {Академия Наук СССР и Московское Математическое Общество. Успехи математических наук},
    YEAR = {1988},
    VOLUME = {43},
    NUMBER = {1},
    PAGES = {5--22},
    NOTE = {Dostępne tłumaczenie angielskie: Constant energy surfaces of {H}amiltonian systems, enumeration of three-dimensional manifolds in increasing order of complexity, and computation of volumes of closed hyperbolic manifolds)},
    MRNUMBER = {0937017},
}

@article {lickorish1988,
    AUTHOR = {Lickorish, William B. R. and Thistlethwaite, Morwen B.},
    TITLE = {Some links with nontrivial polynomials and their crossing-numbers},
    JOURNAL = {Comment. Math. Helv.},
    FJOURNAL = {Commentarii Mathematici Helvetici},
    YEAR = {1988},
    VOLUME = {63},
    NUMBER = {4},
    PAGES = {527--539},
    DOI = {10.1007/BF02566777},
    MRCLASS = {57M25},
    MRNUMBER = {966948},
    MRREVIEWER = {G. Burde},
}

@article {millett1988,
    AUTHOR = {Lickorish, William B. R. and Millett, Kenneth C.},
    TITLE = {The new polynomial invariants of knots and links},
    JOURNAL = {Math. Mag.},
    FJOURNAL = {Mathematics Magazine},
    YEAR = {1988},
    VOLUME = {61},
    NUMBER = {1},
    PAGES = {3--23},
    DOI = {10.2307/2690324},
    MRCLASS = {57M25},
    MRNUMBER = {934822},
    MRREVIEWER = {V. G. Turaev},
}

@incollection {morton1988,
    AUTHOR = {Morton, Hugh R.},
    TITLE = {Polynomials from braids},
    BOOKTITLE = {Braids ({S}anta {C}ruz, {CA}, 1986)},
    PUBLISHER = {Amer. Math. Soc., Providence, RI},
    YEAR = {1988},
    VOLUME = {78},
    SERIES = {Contemp. Math.},
    PAGES = {575--585},
    DOI = {10.1090/conm/078/975095},
    MRCLASS = {57M25 (20F36)},
    MRNUMBER = {975095},
    MRREVIEWER = {G. Burde},
}

@article {murasugi1988,
    AUTHOR = {Murasugi, Kunio},
    TITLE = {An estimate of the bridge index of links},
    JOURNAL = {Kobe J. Math.},
    FJOURNAL = {Kobe Journal of Mathematics},
    YEAR = {1988},
    VOLUME = {5},
    NUMBER = {1},
    PAGES = {75--86},
    MRCLASS = {57M25},
    MRNUMBER = {988581},
    MRREVIEWER = {Sergej V. Matveev},
}

@article {thistlethwaite1988,
    AUTHOR = {Thistlethwaite, Morwen B.},
    TITLE = {On the {K}auffman polynomial of an adequate link},
    JOURNAL = {Invent. Math.},
    FJOURNAL = {Inventiones Mathematicae},
    YEAR = {1988},
    VOLUME = {93},
    NUMBER = {2},
    PAGES = {285--296},
    DOI = {10.1007/BF01394334},
    MRCLASS = {57M25},
    MRNUMBER = {948102},
    MRREVIEWER = {V. G. Turaev},
}

@article {thompson1988,
    AUTHOR = {Scharlemann, Martin G. and Thompson, Abigail},
    TITLE = {Unknotting number, genus, and companion tori},
    JOURNAL = {Math. Ann.},
    FJOURNAL = {Mathematische Annalen},
    YEAR = {1988},
    VOLUME = {280},
    NUMBER = {2},
    PAGES = {191--205},
    DOI = {10.1007/BF01456051},
    MRCLASS = {57M25},
    MRNUMBER = {929535},
    MRREVIEWER = {Masayuki Yamasaki},
}

@incollection {traczyk1988,
    AUTHOR = {Morton, Hugh R. and Traczyk, Paweł},
    TITLE = {The {J}ones polynomial of satellite links around mutants},
    BOOKTITLE = {Braids ({S}anta {C}ruz, {CA}, 1986)},
    PUBLISHER = {Amer. Math. Soc., Providence, RI},
    YEAR = {1988},
    VOLUME = {78},
    SERIES = {Contemp. Math.},
    PAGES = {587--592},
    DOI = {10.1090/conm/078/975096},
    MRCLASS = {57M25},
    MRNUMBER = {975096},
    MRREVIEWER = {Lorenzo Traldi},
}

@unpublished {bonahon1989,
    AUTHOR = {Bonahon, Francis and Siebenmann, Laurent},
    TITLE = {Geometric splittings of knots, and {C}onway’s algebraic knots},
    NOTE = {1989},
}

@article {cromwell1989,
    AUTHOR = {Cromwell, Peter R.},
    TITLE = {Homogeneous links},
    JOURNAL = {J. London Math. Soc. (2)},
    FJOURNAL = {Journal of the London Mathematical Society. Second Series},
    YEAR = {1989},
    VOLUME = {39},
    NUMBER = {3},
    PAGES = {535--552},
    DOI = {10.1112/jlms/s2-39.3.535},
    MRCLASS = {57M25},
    MRNUMBER = {1002465},
    MRREVIEWER = {Wilbur Whitten},
}

@article {gordon1989,
    AUTHOR = {Gordon, Cameron McA. and Luecke, John},
    TITLE = {Knots are determined by their complements},
    JOURNAL = {J. Amer. Math. Soc.},
    FJOURNAL = {Journal of the American Mathematical Society},
    YEAR = {1989},
    VOLUME = {2},
    NUMBER = {2},
    PAGES = {371--415},
    DOI = {10.2307/1990979},
    MRCLASS = {57M25 (57M40)},
    MRNUMBER = {965210},
    MRREVIEWER = {Martin Scharlemann},
}

@article {jones1989,
    AUTHOR = {Jones, Vaughan F. R.},
    TITLE = {On a certain value of the {K}auffman polynomial},
    JOURNAL = {Comm. Math. Phys.},
    FJOURNAL = {Communications in Mathematical Physics},
    YEAR = {1989},
    VOLUME = {125},
    NUMBER = {3},
    PAGES = {459--467},
    MRCLASS = {57M25 (46L85 82B23)},
    MRNUMBER = {1022523},
    MRREVIEWER = {Tetsuo Deguchi},
}

@article {kanenobu1989,
    AUTHOR = {Kanenobu, Taizo},
    TITLE = {Relations between the {J}ones and {$Q$} polynomials for {$2$}-bridge and {$3$}-braid links},
    JOURNAL = {Math. Ann.},
    FJOURNAL = {Mathematische Annalen},
    YEAR = {1989},
    VOLUME = {285},
    NUMBER = {1},
    PAGES = {115--124},
    DOI = {10.1007/BF01442676},
    MRCLASS = {57M25},
    MRNUMBER = {1010195},
    MRREVIEWER = {Józef H. Przytycki},
}

@article {kirk1989,
    AUTHOR = {Kirk, Paul A.},
    TITLE = {Mutations of homology spheres and {C}asson's invariant},
    JOURNAL = {Math. Proc. Cambridge Philos. Soc.},
    FJOURNAL = {Mathematical Proceedings of the Cambridge Philosophical Society},
    YEAR = {1989},
    VOLUME = {105},
    NUMBER = {2},
    PAGES = {313--318},
    DOI = {10.1017/S0305004100067815},
    MRCLASS = {57N10 (57M12)},
    MRNUMBER = {974988},
    MRREVIEWER = {Alexander I. Suciu},
}

@article {kobayashi1989,
    AUTHOR = {Kobayashi, Tsuyoshi},
    TITLE = {Minimal genus {S}eifert surfaces for unknotting number {$1$} knots},
    JOURNAL = {Kobe J. Math.},
    FJOURNAL = {Kobe Journal of Mathematics},
    YEAR = {1989},
    VOLUME = {6},
    NUMBER = {1},
    PAGES = {53--62},
    MRCLASS = {57M25},
    MRNUMBER = {1023526},
    MRREVIEWER = {G. Burde},
}

@article {kobayashit1989,
    AUTHOR = {Kobayashi, Tsuyoshi},
    TITLE = {Generalized unknotting operations and tangle decompositions},
    JOURNAL = {Proc. Amer. Math. Soc.},
    FJOURNAL = {Proceedings of the American Mathematical Society},
    YEAR = {1989},
    VOLUME = {105},
    NUMBER = {2},
    PAGES = {471--478},
    DOI = {10.2307/2046966},
    MRCLASS = {57M25 (57N10)},
    MRNUMBER = {977926},
    MRREVIEWER = {Wilbur Whitten},
}

@article {kobayashitsuyoshi1989,
    AUTHOR = {Kobayashi, Tsuyoshi},
    TITLE = {Fibered links and unknotting operations},
    JOURNAL = {Osaka J. Math.},
    FJOURNAL = {Osaka Journal of Mathematics},
    YEAR = {1989},
    VOLUME = {26},
    NUMBER = {4},
    PAGES = {699--742},
    MRCLASS = {57M05},
    MRNUMBER = {1040421},
    MRREVIEWER = {Chichen M. Tsau},
}

@article {przytycki1989,
    AUTHOR = {Przytycki, Józef H.},
    TITLE = {Equivalence of cables of mutants of knots},
    JOURNAL = {Canad. J. Math.},
    FJOURNAL = {Canadian Journal of Mathematics. Journal Canadien de Math\'{e}matiques},
    YEAR = {1989},
    VOLUME = {41},
    NUMBER = {2},
    PAGES = {250--273},
    DOI = {10.4153/CJM-1989-013-1},
    MRCLASS = {57M25},
    MRNUMBER = {1001611},
    MRREVIEWER = {G. Burde},
}

@article {turaev1990,
    AUTHOR = {Turaev, Vladimir G.},
    TITLE = {Операторные инварианты связок и {$R$}-матрицы},
    JOURNAL = {Изв. АН СССР. Сер. матем.},
    FJOURNAL = {Известия Академии наук СССР. Серия математическая},
    YEAR = {1989},
    VOLUME = {53},
    NUMBER = {5},
    PAGES = {1073--1107},
    NOTE = {Dostępne tłumaczenie angielskie: Operator invariants of tangles, and {$R$}-matrices},
    DOI = {10.1070/IM1990v035n02ABEH000711},
    MRCLASS = {17B37 (57M25 82B23)},
    MRNUMBER = {1024455},
    MRREVIEWER = {Ya. S. So\u{\i}bel\cprime man},
}

@article {ernst1990,
    AUTHOR = {Ernst, Claus and Sumners, De Witt W.},
    TITLE = {A calculus for rational tangles: applications to {DNA} recombination},
    JOURNAL = {Math. Proc. Cambridge Philos. Soc.},
    FJOURNAL = {Mathematical Proceedings of the Cambridge Philosophical Society},
    YEAR = {1990},
    VOLUME = {108},
    NUMBER = {3},
    PAGES = {489--515},
    DOI = {10.1017/S0305004100069383},
    MRCLASS = {92D20 (57M25)},
    MRNUMBER = {1068451},
    MRREVIEWER = {J. E. Keesling},
}

@incollection {floer1990,
    AUTHOR = {Floer, Andreas},
    TITLE = {Instanton homology, surgery, and knots},
    BOOKTITLE = {Geometry of low-dimensional manifolds, 1 ({D}urham, 1989)},
    PUBLISHER = {Cambridge Univ. Press, Cambridge},
    YEAR = {1990},
    VOLUME = {150},
    SERIES = {London Math. Soc. Lecture Note Ser.},
    PAGES = {97--114},
    MRCLASS = {57R57 (57N10 57R65 58G05)},
    MRNUMBER = {1171893},
    MRREVIEWER = {Ronald J. Stern},
}

@article {kauffman1990,
    AUTHOR = {Kauffman, Louis H.},
    TITLE = {An invariant of regular isotopy},
    JOURNAL = {Trans. Amer. Math. Soc.},
    FJOURNAL = {Transactions of the American Mathematical Society},
    YEAR = {1990},
    VOLUME = {318},
    NUMBER = {2},
    PAGES = {417--471},
    DOI = {10.2307/2001315},
    MRCLASS = {57M25},
    MRNUMBER = {958895},
    MRREVIEWER = {Hugh Reynolds Morton},
}

@article {murakami1990,
    AUTHOR = {Murakami, Hitoshi},
    TITLE = {Algebraic unknotting operation},
    JOURNAL = {Questions Answers Gen. Topology},
    FJOURNAL = {Questions and Answers in General Topology},
    YEAR = {1990},
    VOLUME = {8},
    NUMBER = {1},
    PAGES = {283--292},
    MRCLASS = {57M25},
    MRNUMBER = {1043226},
    MRREVIEWER = {C. Kearton},
}

@article {vogel1990,
    AUTHOR = {Vogel, Pierre},
    TITLE = {Representation of links by braids: a new algorithm},
    JOURNAL = {Comment. Math. Helv.},
    FJOURNAL = {Commentarii Mathematici Helvetici},
    YEAR = {1990},
    VOLUME = {65},
    NUMBER = {1},
    PAGES = {104--113},
    DOI = {10.1007/BF02566597},
    MRCLASS = {57M25},
    MRNUMBER = {1036132},
    MRREVIEWER = {Hugh Reynolds Morton},
}

@misc {barnatan1991,
    AUTHOR = {Bar-Natan, Dror},
    TITLE = {Weights of {F}eynman diagrams and the {V}assiliev knot invariants},
    HOWPUBLISHED = {\url{https://www.math.toronto.edu/~drorbn/papers/weights/weights.pdf}},
    YEAR = {1991},
}

@article {doll1991,
    AUTHOR = {Doll, Helmut and Hoste, Jim},
    TITLE = {A tabulation of oriented links},
    JOURNAL = {Math. Comp.},
    FJOURNAL = {Mathematics of Computation},
    YEAR = {1991},
    VOLUME = {57},
    NUMBER = {196},
    PAGES = {747--761},
    NOTE = {Z dodatkiem mikrofiszki},
    DOI = {10.2307/2938715},
    MRCLASS = {57M25},
    MRNUMBER = {1094946},
    MRREVIEWER = {G. Burde},
}

@book {kauffman1991,
    AUTHOR = {Kauffman, Louis H.},
    TITLE = {Knots and physics},
    PUBLISHER = {World Scientific Publishing Co., Inc., River Edge, NJ},
    YEAR = {1991},
    VOLUME = {1},
    SERIES = {Series on Knots and Everything},
    DOI = {10.1142/9789812796226},
    MRCLASS = {57M25 (17B37 81T40 82B23)},
    MRNUMBER = {1141156},
    MRREVIEWER = {Claude Itzykson},
}

@article {kohn1991,
    AUTHOR = {Kohn, Peter D.},
    TITLE = {Two-bridge links with unlinking number one},
    JOURNAL = {Proc. Amer. Math. Soc.},
    FJOURNAL = {Proceedings of the American Mathematical Society},
    YEAR = {1991},
    VOLUME = {113},
    NUMBER = {4},
    PAGES = {1135--1147},
    DOI = {10.2307/2048793},
    MRCLASS = {57M25},
    MRNUMBER = {1079893},
    MRREVIEWER = {Taizo Kanenobu},
}

@article {moody1991,
    AUTHOR = {Moody, John A.},
    TITLE = {The {B}urau representation of the braid group {$B_n$} is unfaithful for large {$n$}},
    JOURNAL = {Bull. Amer. Math. Soc. (N.S.)},
    FJOURNAL = {American Mathematical Society. Bulletin. New Series},
    YEAR = {1991},
    VOLUME = {25},
    NUMBER = {2},
    PAGES = {379--384},
    DOI = {10.1090/S0273-0979-1991-16080-5},
    MRCLASS = {20F36 (57M07 57M25)},
    MRNUMBER = {1098347},
    MRREVIEWER = {Darren D. Long},
}

@article {murasugi1991,
    AUTHOR = {Murasugi, Kunio},
    TITLE = {On the braid index of alternating links},
    JOURNAL = {Trans. Amer. Math. Soc.},
    FJOURNAL = {Transactions of the American Mathematical Society},
    YEAR = {1991},
    VOLUME = {326},
    NUMBER = {1},
    PAGES = {237--260},
    DOI = {10.2307/2001863},
    MRCLASS = {57M25},
    MRNUMBER = {1000333},
    MRREVIEWER = {Hugh Reynolds Morton},
}

@article {negami1991,
    AUTHOR = {Negami, Seiya},
    TITLE = {Ramsey theorems for knots, links and spatial graphs},
    JOURNAL = {Trans. Amer. Math. Soc.},
    FJOURNAL = {Transactions of the American Mathematical Society},
    YEAR = {1991},
    VOLUME = {324},
    NUMBER = {2},
    PAGES = {527--541},
    DOI = {10.2307/2001731},
    MRCLASS = {57M25 (05C10)},
    MRNUMBER = {1069741},
}

@article {zhang1991,
    AUTHOR = {Zhang, Xingru},
    TITLE = {Unknotting number one knots are prime: a new proof},
    JOURNAL = {Proc. Amer. Math. Soc.},
    FJOURNAL = {Proceedings of the American Mathematical Society},
    YEAR = {1991},
    VOLUME = {113},
    NUMBER = {2},
    PAGES = {611--612},
    DOI = {10.2307/2048550},
    MRCLASS = {57M25},
    MRNUMBER = {1076582},
    MRREVIEWER = {G. Burde},
}

@book {benedetti1992,
    AUTHOR = {Benedetti, Riccardo and Petronio, Carlo},
    TITLE = {Lectures on hyperbolic geometry},
    PUBLISHER = {Springer-Verlag, Berlin},
    YEAR = {1992},
    SERIES = {Universitext},
    DOI = {10.1007/978-3-642-58158-8},
    MRCLASS = {57M50 (30F40 30F60 51M10 57N10)},
    MRNUMBER = {1219310},
    MRREVIEWER = {Colin C. Adams},
}

@article {brock1992,
    AUTHOR = {Adams, Colin C. and Brock, Jeffrey F. and Bugbee, John and Comar, Timothy D. and Faigin, Keith A. and Huston, Amy M. and Joseph, Anne M. and Pesikoff, David},
    TITLE = {Almost alternating links},
    JOURNAL = {Topology Appl.},
    FJOURNAL = {Topology and its Applications},
    YEAR = {1992},
    VOLUME = {46},
    NUMBER = {2},
    PAGES = {151--165},
    DOI = {10.1016/0166-8641(92)90130-R},
    MRCLASS = {57M25},
    MRNUMBER = {1184114},
    MRREVIEWER = {Alan W. Reid},
}

@article {fenn1992,
    AUTHOR = {Fenn, Roger and Rourke, Colin P.},
    TITLE = {Racks and links in codimension two},
    JOURNAL = {J. Knot Theory Ramifications},
    FJOURNAL = {Journal of Knot Theory and its Ramifications},
    YEAR = {1992},
    VOLUME = {01},
    NUMBER = {04},
    PAGES = {343--406},
    DOI = {10.1142/S0218216592000203},
}

@incollection {kodama1992,
    AUTHOR = {Kodama, Kouzi and Sakuma, Makoto},
    TITLE = {Symmetry groups of prime knots up to {$10$} crossings},
    BOOKTITLE = {Knots 90 ({O}saka, 1990)},
    PUBLISHER = {de Gruyter, Berlin},
    YEAR = {1992},
    PAGES = {323--340},
    MRCLASS = {57M25 (57-04)},
    MRNUMBER = {1177431},
    MRREVIEWER = {G. Burde},
}

@incollection {welsh1992,
    AUTHOR = {Welsh, Dominic J. A.},
    TITLE = {On the number of knots and links},
    BOOKTITLE = {Sets, graphs and numbers ({B}udapest, 1991)},
    PUBLISHER = {North-Holland, Amsterdam},
    YEAR = {1992},
    VOLUME = {60},
    SERIES = {Colloq. Math. Soc. J\'{a}nos Bolyai},
    PAGES = {713--718},
    MRCLASS = {57M25 (05C10)},
    MRNUMBER = {1218230},
    MRREVIEWER = {D. W. L. Sumners},
}

@article {birman1993,
    AUTHOR = {Birman, Joan S. and Lin, Xiao-Song},
    TITLE = {Knot polynomials and {V}assiliev's invariants},
    JOURNAL = {Invent. Math.},
    FJOURNAL = {Inventiones Mathematicae},
    YEAR = {1993},
    VOLUME = {111},
    NUMBER = {2},
    PAGES = {225--270},
    DOI = {10.1007/BF01231287},
    MRCLASS = {57M25},
    MRNUMBER = {1198809},
    MRREVIEWER = {Józef H. Przytycki},
}

@article {kohn1993,
    AUTHOR = {Kohn, Peter D.},
    TITLE = {Unlinking two component links},
    JOURNAL = {Osaka J. Math.},
    FJOURNAL = {Osaka Journal of Mathematics},
    YEAR = {1993},
    VOLUME = {30},
    NUMBER = {4},
    PAGES = {741--752},
    MRCLASS = {57M25},
    MRNUMBER = {1250780},
}

@incollection {kontsevich1993,
    AUTHOR = {Kontsevich, Maxim},
    TITLE = {Vassiliev's knot invariants},
    BOOKTITLE = {I. {M}. {G}elfand {S}eminar},
    PUBLISHER = {Amer. Math. Soc., Providence, RI},
    YEAR = {1993},
    VOLUME = {16},
    SERIES = {Advances in Soviet mathematics},
    PAGES = {137--150},
    MRCLASS = {57M25 (81T40)},
    MRNUMBER = {1237836},
    MRREVIEWER = {J. S. Birman},
}

@article {kronheimer1993,
    AUTHOR = {Kronheimer, Peter B. and Mrowka, Tomasz S.},
    TITLE = {Gauge theory for embedded surfaces. {I}},
    JOURNAL = {Topology},
    FJOURNAL = {Topology. An International Journal of Mathematics},
    YEAR = {1993},
    VOLUME = {32},
    NUMBER = {4},
    PAGES = {773--826},
    DOI = {10.1016/0040-9383(93)90051-V},
    MRCLASS = {57R57 (57N13 57R40 57R55 58D29)},
    MRNUMBER = {1241873},
    MRREVIEWER = {Ronald J. Stern},
}

@book {livingston1993,
    AUTHOR = {Livingston, Charles},
    TITLE = {Knot theory},
    PUBLISHER = {Mathematical Association of America, Waszyngton, DC},
    YEAR = {1993},
    VOLUME = {24},
    SERIES = {Carus Mathematical Monographs},
    MRCLASS = {57M25},
    MRNUMBER = {1253070},
    MRREVIEWER = {William Dunbar},
}

@article {long1993,
    AUTHOR = {Long, Darren D. and Paton, Mark},
    TITLE = {The {B}urau representation is not faithful for {$n\geq 6$}},
    JOURNAL = {Topology},
    FJOURNAL = {Topology. An International Journal of Mathematics},
    YEAR = {1993},
    VOLUME = {32},
    NUMBER = {2},
    PAGES = {439--447},
    DOI = {10.1016/0040-9383(93)90030-Y},
    MRCLASS = {20F36 (57M05 57M07)},
    MRNUMBER = {1217079},
    MRREVIEWER = {Athanase Papadopoulos},
}

@article {menasco1993,
    AUTHOR = {Menasco, William W. and Thistlethwaite, Morwen B.},
    TITLE = {The classification of alternating links},
    JOURNAL = {Ann. of Math. (2)},
    FJOURNAL = {Annals of Mathematics. Second Series},
    YEAR = {1993},
    VOLUME = {138},
    NUMBER = {1},
    PAGES = {113--171},
    DOI = {10.2307/2946636},
    MRCLASS = {57M25},
    MRNUMBER = {1230928},
    MRREVIEWER = {Louis H. Kauffman},
}

@article {ohyama1993,
    AUTHOR = {Ohyama, Yoshiyuki},
    TITLE = {On the minimal crossing number and the braid index of links},
    JOURNAL = {Canad. J. Math.},
    FJOURNAL = {Canadian Journal of Mathematics. Journal Canadien de Math\'{e}matiques},
    YEAR = {1993},
    VOLUME = {45},
    NUMBER = {1},
    PAGES = {117--131},
    DOI = {10.4153/CJM-1993-007-x},
    MRCLASS = {57M25},
    MRNUMBER = {1200324},
    MRREVIEWER = {G. Burde},
}

@incollection {rolfsen1993,
    AUTHOR = {Rolfsen, Dale},
    TITLE = {The quest for a knot with trivial {J}ones polynomial: diagram surgery and the {T}emperley-{L}ieb algebra},
    BOOKTITLE = {Topics in knot theory ({E}rzurum, 1992)},
    PUBLISHER = {Kluwer Acad. Publ., Dordrecht},
    YEAR = {1993},
    VOLUME = {399},
    SERIES = {NATO Adv. Sci. Inst. Ser. C Math. Phys. Sci.},
    PAGES = {195--210},
    DOI = {10.1098/rspa.1985.0055},
    MRCLASS = {57M25},
    MRNUMBER = {1257910},
}

@book {adams1994,
    AUTHOR = {Adams, Colin C.},
    TITLE = {The knot book},
    PUBLISHER = {W. H. Freeman and Company, Nowy Jork},
    YEAR = {1994},
    MRCLASS = {57M25 (57M15 57M50 57Q45)},
    MRNUMBER = {1266837},
    MRREVIEWER = {Marko Kranjc},
}

@article {adamsc1994,
    AUTHOR = {Adams, Colin C.},
    TITLE = {Toroidally alternating knots and links},
    JOURNAL = {Topology},
    FJOURNAL = {Topology. An International Journal of Mathematics},
    YEAR = {1994},
    VOLUME = {33},
    NUMBER = {2},
    PAGES = {353--369},
    DOI = {10.1016/0040-9383(94)90017-5},
    MRCLASS = {57M25},
    MRNUMBER = {1273788},
    MRREVIEWER = {Mark E. Kidwell},
}

@article {bernhard1994,
    AUTHOR = {Bernhard, James A.},
    TITLE = {Unknotting numbers and minimal knot diagrams},
    JOURNAL = {J. Knot Theory Ramifications},
    FJOURNAL = {Journal of Knot Theory and its Ramifications},
    YEAR = {1994},
    VOLUME = {3},
    NUMBER = {1},
    PAGES = {1--5},
    DOI = {10.1142/S0218216594000022},
    MRCLASS = {57M25},
    MRNUMBER = {1265448},
    MRREVIEWER = {Patrick Gilmer},
}

@article {bogle1994,
    AUTHOR = {Bogle, Miles G. V. and Hearst, John E. and Jones, Vaughan F. R. and Stoilov, Luben},
    TITLE = {Lissajous knots},
    JOURNAL = {J. Knot Theory Ramifications},
    FJOURNAL = {Journal of Knot Theory and its Ramifications},
    YEAR = {1994},
    VOLUME = {3},
    NUMBER = {2},
    PAGES = {121--140},
    DOI = {10.1142/S0218216594000095},
    MRCLASS = {57M25},
    MRNUMBER = {1279916},
    MRREVIEWER = {J. S. Birman},
}

@incollection {chmutov1994,
    AUTHOR = {Chmutov, Sergei V. and Duzhin, Sergei V. and Lando, Sergei K.},
    TITLE = {Vassiliev knot invariants. {II}. {I}ntersection graph conjecture for trees},
    BOOKTITLE = {Singularities and bifurcations},
    PUBLISHER = {Amer. Math. Soc., Providence, RI},
    YEAR = {1994},
    VOLUME = {21},
    SERIES = {Adv. Soviet Math.},
    PAGES = {127--134},
    MRCLASS = {57M25},
    MRNUMBER = {1310598},
    MRREVIEWER = {Simon Willerton},
}

@article {chmutovduzhin1994,
    AUTHOR = {Chmutov, Sergei V. and Duzhin, Sergei V.},
    TITLE = {An upper bound for the number of {V}assiliev knot invariants},
    JOURNAL = {J. Knot Theory Ramifications},
    FJOURNAL = {Journal of Knot Theory and its Ramifications},
    YEAR = {1994},
    VOLUME = {3},
    NUMBER = {2},
    PAGES = {141--151},
    DOI = {10.1142/S0218216594000101},
    MRCLASS = {57M25},
    MRNUMBER = {1279917},
    MRREVIEWER = {Simon Willerton},
}

@article {cray1994,
    AUTHOR = {Arnold, Brian and Au, Michael and Candy, Christoper and Erdener, Kaan and Fan, James and Flynn, Richard and Muir, Robs J. and Wu, Danny and Hoste, Jim},
    TITLE = {Tabulating alternating knots through {$14$} crossings},
    JOURNAL = {J. Knot Theory Ramifications},
    FJOURNAL = {Journal of Knot Theory and its Ramifications},
    YEAR = {1994},
    VOLUME = {3},
    NUMBER = {4},
    PAGES = {433--437},
    DOI = {10.1142/S0218216594000319},
    MRCLASS = {57M25},
    MRNUMBER = {1304393},
    MRREVIEWER = {Mark R. Woodard},
}

@article {dehornoy1994,
    AUTHOR = {Dehornoy, Patrick},
    TITLE = {Braid groups and left distributive operations},
    JOURNAL = {Trans. Amer. Math. Soc.},
    FJOURNAL = {Transactions of the American Mathematical Society},
    YEAR = {1994},
    VOLUME = {345},
    NUMBER = {1},
    PAGES = {115--150},
    DOI = {10.2307/2154598},
    MRCLASS = {08A50 (20F36)},
    MRNUMBER = {1214782},
    MRREVIEWER = {Robert G. Burns},
}

@incollection {duzhin1994,
    AUTHOR = {Chmutov, Sergei V. and Duzhin, Sergei V. and Lando, Sergei K.},
    TITLE = {Vassiliev knot invariants. {III}. {F}orest algebra and weighted graphs},
    BOOKTITLE = {Singularities and bifurcations},
    PUBLISHER = {Amer. Math. Soc., Providence, RI},
    YEAR = {1994},
    VOLUME = {21},
    SERIES = {Adv. Soviet Math.},
    PAGES = {135--145},
    MRCLASS = {57M25},
    MRNUMBER = {1310599},
    MRREVIEWER = {Simon Willerton},
}

@article {freedman1994,
    AUTHOR = {Freedman, Michael H. and He, Zheng-Xu and Wang, Zhenghan},
    TITLE = {Möbius energy of knots and unknots},
    JOURNAL = {Ann. of Math. (2)},
    FJOURNAL = {Annals of Mathematics. Second Series},
    YEAR = {1994},
    VOLUME = {139},
    NUMBER = {1},
    PAGES = {1--50},
    DOI = {10.2307/2946626},
    MRCLASS = {58E10 (57M25)},
    MRNUMBER = {1259363},
    MRREVIEWER = {Anders Linn\'{e}r},
}

@article {kawauchi1994,
    AUTHOR = {Kawauchi, Akio},
    TITLE = {On coefficient polynomials of the skein polynomial of an oriented link},
    JOURNAL = {Kobe J. Math.},
    FJOURNAL = {Kobe Journal of Mathematics},
    YEAR = {1994},
    VOLUME = {11},
    NUMBER = {1},
    PAGES = {49--68},
    MRCLASS = {57M25},
    MRNUMBER = {1309992},
    MRREVIEWER = {Wilbur Whitten},
}

@article {masbaum1994,
    AUTHOR = {Masbaum, Gregor and Vogel, Pierre},
    TITLE = {{$3$}-valent graphs and the {K}auffman bracket},
    JOURNAL = {Pacific J. Math.},
    FJOURNAL = {Pacific Journal of Mathematics},
    YEAR = {1994},
    VOLUME = {164},
    NUMBER = {2},
    PAGES = {361--381},
    MRCLASS = {57M15 (05C10 57M25)},
    MRNUMBER = {1272656},
    MRREVIEWER = {Thang T. Q. Le},
}

@article {rong1994,
    AUTHOR = {Rong, Yongwu},
    TITLE = {Mutation and {W}itten invariants},
    JOURNAL = {Topology},
    FJOURNAL = {Topology. An International Journal of Mathematics},
    YEAR = {1994},
    VOLUME = {33},
    NUMBER = {3},
    PAGES = {499--507},
    DOI = {10.1016/0040-9383(94)90025-6},
    MRCLASS = {57M25},
    MRNUMBER = {1286928},
    MRREVIEWER = {Louis H. Kauffman},
}

@article {barnatan1995,
    AUTHOR = {Bar-Natan, Dror},
    TITLE = {Polynomial invariants are polynomial},
    JOURNAL = {Math. Res. Lett.},
    FJOURNAL = {Mathematical Research Letters},
    YEAR = {1995},
    VOLUME = {2},
    NUMBER = {3},
    PAGES = {239--246},
    DOI = {10.4310/MRL.1995.v2.n3.a1},
    MRCLASS = {57M25},
    MRNUMBER = {1338783},
    MRREVIEWER = {Sergei K. Lando},
}

@article {barnatand1995,
    AUTHOR = {Bar-Natan, Dror},
    TITLE = {On the {V}assiliev knot invariants},
    JOURNAL = {Topology},
    FJOURNAL = {Topology. An International Journal of Mathematics},
    YEAR = {1995},
    VOLUME = {34},
    NUMBER = {2},
    PAGES = {423--472},
    DOI = {10.1016/0040-9383(95)93237-2},
    MRCLASS = {57M25},
    MRNUMBER = {1318886},
    MRREVIEWER = {Simon Willerton},
}

@article {barnatandror1995,
    AUTHOR = {Bar-Natan, Dror},
    TITLE = {Vassiliev homotopy string link invariants},
    JOURNAL = {J. Knot Theory Ramifications},
    FJOURNAL = {Journal of Knot Theory and its Ramifications},
    YEAR = {1995},
    VOLUME = {4},
    NUMBER = {1},
    PAGES = {13--32},
    DOI = {10.1142/S021821659500003X},
    MRCLASS = {57M25},
    MRNUMBER = {1321289},
    MRREVIEWER = {Serguei Piunikhin},
}

@article {eudave1995,
    AUTHOR = {Eudave-Muñoz, Mario},
    TITLE = {Essential tori obtained by surgery on a knot},
    JOURNAL = {Pacific J. Math.},
    FJOURNAL = {Pacific Journal of Mathematics},
    YEAR = {1995},
    VOLUME = {167},
    NUMBER = {1},
    PAGES = {81--117},
    MRCLASS = {57M25},
    MRNUMBER = {1318165},
    MRREVIEWER = {Kimihiko Motegi},
}

@incollection {kauffman1995,
    AUTHOR = {Kauffman, Louis H.},
    TITLE = {Knot logic},
    BOOKTITLE = {Knots and applications},
    PUBLISHER = {World Sci. Publ., River Edge, NJ},
    YEAR = {1995},
    VOLUME = {6},
    SERIES = {Ser. Knots Everything},
    PAGES = {1--110},
    DOI = {10.1142/9789812796189\_0001},
    MRCLASS = {03B30 (03B40 57M15 57M25 57N10 81T40)},
    MRNUMBER = {1364188},
    MRREVIEWER = {R. Gylys},
}

@misc {kirby1978,
    AUTHOR = {Kirby, Rob},
    TITLE = {Problems in low dimensional manifold theory},
    HOWPUBLISHED = {\url{http://www.math.berkeley.edu/~kirby/problems.ps.gz}},
    YEAR = {1995},
    NOTE = {Na podstawie wcześniejszej papierowej pracy z 1978 roku},
    MRCLASS = {57-02},
    MRNUMBER = {520548},
    MRREVIEWER = {Louis H. Kauffman},
    ONENINESEVENEIGHTBOOKTITLE = {Algebraic and geometric topology ({P}roc. {S}ympos. {P}ure {M}ath., {S}tanford {U}niv., {S}tanford, {C}alif., 1976), {P}art 2},
    ONENINESEVENEIGHTPUBLISHER = {Amer. Math. Soc., Providence, R.I.},
    ONENINESEVENEIGHTYEAR = {1978},
    ONENINESEVENEIGHTSERIES = {Proc. Sympos. Pure Math., XXXII},
    ONENINESEVENEIGHTPAGES = {273--312},
}

@article {kronheimer1995,
    AUTHOR = {Kronheimer, Peter B. and Mrowka, Tomasz S.},
    TITLE = {Gauge theory for embedded surfaces. {II}},
    JOURNAL = {Topology},
    FJOURNAL = {Topology. An International Journal of Mathematics},
    YEAR = {1995},
    VOLUME = {34},
    NUMBER = {1},
    PAGES = {37--97},
    DOI = {10.1016/0040-9383(94)E0003-3},
    MRCLASS = {57R57 (14D20 57N13 57R40 58D29)},
    MRNUMBER = {1308489},
    MRREVIEWER = {Stefan A. Bauer},
}

@article {melvin1995,
    AUTHOR = {Melvin, Paul M. and Morton, Hugh R.},
    TITLE = {The coloured {J}ones function},
    JOURNAL = {Comm. Math. Phys.},
    FJOURNAL = {Communications in Mathematical Physics},
    YEAR = {1995},
    VOLUME = {169},
    NUMBER = {3},
    PAGES = {501--520},
    MRCLASS = {57M25},
    MRNUMBER = {1328734},
    MRREVIEWER = {Gretchen Wright},
}

@article {ohyama1995,
    AUTHOR = {Ohyama, Yoshiyuki},
    TITLE = {Vassiliev invariants and similarity of knots},
    JOURNAL = {Proc. Amer. Math. Soc.},
    FJOURNAL = {Proceedings of the American Mathematical Society},
    YEAR = {1995},
    VOLUME = {123},
    NUMBER = {1},
    PAGES = {287--291},
    DOI = {10.2307/2160638},
    MRCLASS = {57M25},
    MRNUMBER = {1234630},
    MRREVIEWER = {Xiao-Song Lin},
}

@article {cromwell1996,
    AUTHOR = {Morton, Hugh R. and Cromwell, Peter R.},
    TITLE = {Distinguishing mutants by knot polynomials},
    JOURNAL = {J. Knot Theory Ramifications},
    FJOURNAL = {Journal of Knot Theory and its Ramifications},
    YEAR = {1996},
    VOLUME = {5},
    NUMBER = {2},
    PAGES = {225--238},
    DOI = {10.1142/S0218216596000163},
    MRCLASS = {57M25},
    MRNUMBER = {1395780},
    MRREVIEWER = {Sergei K. Lando},
}

@inproceedings {duzhin1996,
    AUTHOR = {Chmutov, Sergei V.},
    TITLE = {A quadratic lower bound for the number of primitive {V}assiliev invariants},
    BOOKTITLE = {Workshop report, Waseda University, Tokyo},
    YEAR = {1996},
    PAGES = {52--54},
}

@book {kawauchi1996,
    AUTHOR = {Kawauchi, Akio},
    TITLE = {A survey of knot theory},
    PUBLISHER = {Birkh\"auser Verlag, Bazylea},
    YEAR = {1996},
    MRCLASS = {57M25},
    MRNUMBER = {1417494},
    MRREVIEWER = {Sergei K. Lando},
}

@article {kobayashi1996,
    AUTHOR = {Kobayashi, Masako and Kobayashi, Tsuyoshi},
    TITLE = {On canonical genus and free genus of knot},
    JOURNAL = {J. Knot Theory Ramifications},
    FJOURNAL = {Journal of Knot Theory and its Ramifications},
    YEAR = {1996},
    VOLUME = {5},
    NUMBER = {1},
    PAGES = {77--85},
    DOI = {10.1142/S0218216596000060},
    MRCLASS = {57M25},
    MRNUMBER = {1373811},
    MRREVIEWER = {Yoav Moriah},
}

@book {murasugi1996,
    AUTHOR = {Murasugi, Kunio},
    TITLE = {Knot theory and its applications},
    PUBLISHER = {Birkh\"auser Boston, Inc., Boston, MA},
    YEAR = {1996},
    MRCLASS = {57M25},
    MRNUMBER = {1391727},
    MRREVIEWER = {Louis H. Kauffman},
}

@article {nakanishi1996,
    AUTHOR = {Nakanishi, Yasutaka},
    TITLE = {Union and tangle},
    JOURNAL = {Proc. Amer. Math. Soc.},
    FJOURNAL = {Proceedings of the American Mathematical Society},
    YEAR = {1996},
    VOLUME = {124},
    NUMBER = {5},
    PAGES = {1625--1631},
    DOI = {10.1090/S0002-9939-96-03453-3},
    MRCLASS = {57M25},
    MRNUMBER = {1342035},
    MRREVIEWER = {Roger Fenn},
}

@article {stanford1996,
    AUTHOR = {Stanford, Ted},
    TITLE = {Braid commutators and {V}assiliev invariants},
    JOURNAL = {Pacific J. Math.},
    FJOURNAL = {Pacific Journal of Mathematics},
    YEAR = {1996},
    VOLUME = {174},
    NUMBER = {1},
    PAGES = {269--276},
    MRCLASS = {57M25 (20F36)},
    MRNUMBER = {1398378},
    MRREVIEWER = {Katura Miyazaki},
}

@article {wang1996,
    AUTHOR = {Lin, Xiao-Song and Wang, Zhenghan},
    TITLE = {Integral geometry of plane curves and knot invariants},
    JOURNAL = {J. Differential Geom.},
    FJOURNAL = {Journal of Differential Geometry},
    YEAR = {1996},
    VOLUME = {44},
    NUMBER = {1},
    PAGES = {74--95},
    MRCLASS = {57M25 (52A22 53A04)},
    MRNUMBER = {1420350},
    MRREVIEWER = {Thang T. Q. Le},
}

@misc {broadhurst1997,
    AUTHOR = {Broadhurst, David J.},
    TITLE = {Conjectured enumeration of {V}assiliev invariants},
    HOWPUBLISHED = {\url{https://arxiv.org/abs/q-alg/9709031}},
    YEAR = {1997},
    DOI = {10.48550/arXiv.q-alg/9709031},
}

@article {greilsheimer1997,
    AUTHOR = {Adams, Colin C. and Brennan, Bevin M. and Greilsheimer, Deborah L. and Woo, Alexander K.},
    TITLE = {Stick numbers and composition of knots and links},
    JOURNAL = {J. Knot Theory Ramifications},
    FJOURNAL = {Journal of Knot Theory and its Ramifications},
    YEAR = {1997},
    VOLUME = {6},
    NUMBER = {2},
    PAGES = {149--161},
    DOI = {10.1142/S0218216597000121},
    MRCLASS = {57M25},
    MRNUMBER = {1452436},
    MRREVIEWER = {Thang T. Q. Le},
}

@article {hougardy1997,
    AUTHOR = {Dasbach, Oliver T. and Hougardy, Stefan},
    TITLE = {Does the {J}ones polynomial detect unknottedness?},
    JOURNAL = {Experiment. Math.},
    FJOURNAL = {Experimental Mathematics},
    YEAR = {1997},
    VOLUME = {6},
    NUMBER = {1},
    PAGES = {51--56},
    MRCLASS = {57M25},
    MRNUMBER = {1464581},
}

@article {jin1997,
    AUTHOR = {Jin, Gyo T.},
    TITLE = {Polygon indices and superbridge indices of torus knots and links},
    JOURNAL = {J. Knot Theory Ramifications},
    FJOURNAL = {Journal of Knot Theory and its Ramifications},
    YEAR = {1997},
    VOLUME = {6},
    NUMBER = {2},
    PAGES = {281--289},
    DOI = {10.1142/S0218216597000170},
    MRCLASS = {57M25},
    MRNUMBER = {1452441},
    MRREVIEWER = {Daniel Matignon},
}

@article {kauffman1997,
    AUTHOR = {Goldman, Jay R. and Kauffman, Louis H.},
    TITLE = {Rational tangles},
    JOURNAL = {Advances in Applied Mathematics},
    FJOURNAL = {Adv. in Appl. Math.},
    YEAR = {1997},
    VOLUME = {18},
    NUMBER = {3},
    PAGES = {300--332},
    DOI = {10.1006/aama.1996.0511},
    MRCLASS = {57M25},
    MRNUMBER = {1436484},
}

@misc {kneissler1997,
    AUTHOR = {Kneissler, Jan A.},
    TITLE = {The number of primitive {V}assiliev invariants up to degree 12},
    HOWPUBLISHED = {\url{https://arxiv.org/abs/q-alg/9706022}},
    YEAR = {1997},
}

@article {lackenby1997,
    AUTHOR = {Lackenby, Marc},
    TITLE = {Surfaces, surgery and unknotting operations},
    JOURNAL = {Math. Ann.},
    FJOURNAL = {Mathematische Annalen},
    YEAR = {1997},
    VOLUME = {308},
    NUMBER = {4},
    PAGES = {615--632},
    DOI = {10.1007/s002080050093},
    MRCLASS = {57N10 (57M25)},
    MRNUMBER = {1464913},
    MRREVIEWER = {Torsten Asselmeyer-Maluga},
}

@article {lambropoulou1997,
    AUTHOR = {Lambropoulou, Sofia and Rourke, Colin P.},
    TITLE = {Markov's theorem in {$3$}-manifolds},
    JOURNAL = {Topology Appl.},
    FJOURNAL = {Topology and its Applications},
    YEAR = {1997},
    VOLUME = {78},
    NUMBER = {1-2},
    PAGES = {95--122},
    DOI = {10.1016/S0166-8641(96)00151-4},
    MRCLASS = {57M25 (57N10)},
    MRNUMBER = {1465027},
}

@article {lamm1997,
    AUTHOR = {Lamm, Christoph},
    TITLE = {There are infinitely many {L}issajous knots},
    JOURNAL = {Manuscripta Math.},
    FJOURNAL = {Manuscripta Mathematica},
    YEAR = {1997},
    VOLUME = {93},
    NUMBER = {1},
    PAGES = {29--37},
    DOI = {10.1007/BF02677455},
    MRCLASS = {57M25},
    MRNUMBER = {1446188},
    MRREVIEWER = {Jonathan A. Hillman},
}

@book {lickorish1997,
    AUTHOR = {Lickorish, William B. R.},
    TITLE = {An introduction to knot theory},
    PUBLISHER = {Springer-Verlag, Nowy Jork},
    YEAR = {1997},
    VOLUME = {175},
    SERIES = {Graduate Texts in Mathematics},
    DOI = {10.1007/978-1-4612-0691-0},
    MRCLASS = {57M25 (57N10)},
    MRNUMBER = {1472978},
    MRREVIEWER = {Darryl McCullough},
}

@incollection {motegi1997,
    AUTHOR = {Motegi, Kimihiko},
    TITLE = {Knot types of satellite knots and twisted knots},
    BOOKTITLE = {Lectures at {KNOTS} '96 ({T}okyo)},
    PUBLISHER = {World Sci. Publ., River Edge, NJ},
    YEAR = {1997},
    VOLUME = {15},
    SERIES = {Ser. Knots Everything},
    PAGES = {73--93},
    DOI = {10.1142/9789812796097_0004},
    MRCLASS = {57M25},
    MRNUMBER = {1474519},
    MRREVIEWER = {Sergej V. Matveev},
}

@article {naik1997,
    AUTHOR = {Naik, Swatee},
    TITLE = {New invariants of periodic knots},
    JOURNAL = {Math. Proc. Cambridge Philos. Soc.},
    FJOURNAL = {Mathematical Proceedings of the Cambridge Philosophical Society},
    YEAR = {1997},
    VOLUME = {122},
    NUMBER = {2},
    PAGES = {281--290},
    DOI = {10.1017/S0305004197001801},
    MRCLASS = {57M25 (57M60)},
    MRNUMBER = {1458233},
    MRREVIEWER = {Charles Livingston},
}

@book {prasolov1997,
    AUTHOR = {Prasolov, Victor V. and Sossinsky, Alexei B.},
    TITLE = {Knots, links, braids and 3-manifolds},
    PUBLISHER = {American Mathematical Society, Providence, RI},
    YEAR = {1997},
    VOLUME = {154},
    SERIES = {Translations of Mathematical Monographs},
    DOI = {10.1090/mmono/154},
    MRCLASS = {57M25 (57M12 57N10)},
    MRNUMBER = {1414898},
    MRREVIEWER = {Joanna Kania-Bartoszynska},
}

@book {thurston1997,
    AUTHOR = {Thurston, William P.},
    TITLE = {Three-dimensional geometry and topology. {V}ol. 1},
    PUBLISHER = {Princeton University Press, Princeton, NJ},
    YEAR = {1997},
    VOLUME = {35},
    SERIES = {Princeton Mathematical Series},
    MRCLASS = {57M50 (53A35 57M25 57M60 57N10)},
    MRNUMBER = {1435975},
    MRREVIEWER = {Athanase Papadopoulos},
}

@article {varchenko1997,
    AUTHOR = {Chmutov, Sergei V. and Varchenko, Alexander N.},
    TITLE = {Remarks on the {V}assiliev knot invariants coming from {${\rm sl}_2$}},
    JOURNAL = {Topology},
    FJOURNAL = {Topology. An International Journal of Mathematics},
    YEAR = {1997},
    VOLUME = {36},
    NUMBER = {1},
    PAGES = {153--178},
    DOI = {10.1016/0040-9383(95)00071-2},
    MRCLASS = {57M25},
    MRNUMBER = {1410469},
    MRREVIEWER = {J. S. Birman},
}

@misc {cerf1998,
    AUTHOR = {Cerf, Corinne},
    TITLE = {Atlas of oriented knots and links},
    HOWPUBLISHED = {\url{http://at.yorku.ca/t/a/i/c/31.htm}},
    YEAR = {1998},
}

@article {jablan1998,
    AUTHOR = {Jablan, Slavik V.},
    TITLE = {Unknotting number and {$\infty$}-unknotting number of a knot},
    JOURNAL = {Filomat},
    FJOURNAL = {Univerzitet u Ni\v{s}u. Prirodno-Matemati\v{c}ki Fakultet. Filomat},
    YEAR = {1998},
    NUMBER = {12, część 1},
    PAGES = {113--120},
    MRCLASS = {57M27},
    MRNUMBER = {1698290},
    MRREVIEWER = {Martin J. Bridgeman},
}

@incollection {jones1998,
    AUTHOR = {Jones, Vaughan F. R. and Przytycki, Józef H.},
    TITLE = {Lissajous knots and billiard knots},
    BOOKTITLE = {Knot theory ({W}arsaw, 1995)},
    PUBLISHER = {Polish Acad. Sci. Inst. Math., Warszawa},
    YEAR = {1998},
    VOLUME = {42},
    SERIES = {Banach Center Publ.},
    PAGES = {145--163},
    MRCLASS = {57M25},
    MRNUMBER = {1634454},
    MRREVIEWER = {Robert Ghrist},
}

@article {mccabe1998,
    AUTHOR = {McCabe, Cynthia L.},
    TITLE = {An upper bound on edge numbers of {$2$}-bridge knots and links},
    JOURNAL = {J. Knot Theory Ramifications},
    FJOURNAL = {Journal of Knot Theory and its Ramifications},
    YEAR = {1998},
    VOLUME = {7},
    NUMBER = {6},
    PAGES = {797--805},
    DOI = {10.1142/S0218216598000401},
    MRCLASS = {57M25},
    MRNUMBER = {1643867},
    MRREVIEWER = {Lorenzo Traldi},
}

@article {miyazawa1998,
    AUTHOR = {Miyazawa, Yasuyuki},
    TITLE = {The {J}ones polynomial of an unknotting number one knot},
    JOURNAL = {Topology Appl.},
    FJOURNAL = {Topology and its Applications},
    YEAR = {1998},
    VOLUME = {83},
    NUMBER = {3},
    PAGES = {161--167},
    DOI = {10.1016/S0166-8641(97)00107-7},
    MRCLASS = {57M25},
    MRNUMBER = {1606374},
    MRREVIEWER = {Mark R. Woodard},
}

@article {ng1998,
    AUTHOR = {Ng, Ka Y.},
    TITLE = {Groups of ribbon knots},
    JOURNAL = {Topology},
    FJOURNAL = {Topology. An International Journal of Mathematics},
    YEAR = {1998},
    VOLUME = {37},
    NUMBER = {2},
    PAGES = {441--458},
    DOI = {10.1016/S0040-9383(97)00037-2},
    MRCLASS = {57M25},
    MRNUMBER = {1489214},
    MRREVIEWER = {Olivier Collin},
}

@incollection {przytycki1998,
    AUTHOR = {Przytycki, Józef H.},
    TITLE = {{$3$}-coloring and other elementary invariants of knots},
    BOOKTITLE = {Knot theory ({W}arsaw, 1995)},
    PUBLISHER = {Polish Acad. Sci. Inst. Math., Warszawa},
    YEAR = {1998},
    VOLUME = {42},
    SERIES = {Banach Center Publ.},
    PAGES = {275--295},
    MRCLASS = {57M25},
    MRNUMBER = {1634462},
}

@incollection {randell1998,
    AUTHOR = {Randell, Richard},
    TITLE = {Invariants of piecewise-linear knots},
    BOOKTITLE = {Knot theory ({W}arsaw, 1995)},
    PUBLISHER = {Polish Acad. Sci. Inst. Math., Warszawa},
    YEAR = {1998},
    VOLUME = {42},
    SERIES = {Banach Center Publ.},
    PAGES = {307--319},
    MRCLASS = {57M25},
    MRNUMBER = {1634464},
}

@article {scharlemann1998,
    AUTHOR = {Scharlemann, Martin G.},
    TITLE = {Crossing changes},
    JOURNAL = {Chaos Solitons Fractals},
    FJOURNAL = {Chaos, Solitons \& Fractals},
    YEAR = {1998},
    VOLUME = {9},
    NUMBER = {4-5},
    PAGES = {693--704},
    DOI = {10.1016/S0960-0779(97)00105-7},
    MRCLASS = {57M25},
    MRNUMBER = {1628751},
}

@article {stoimenow1998,
    AUTHOR = {Stoimenow, Alexander},
    TITLE = {Enumeration of chord diagrams and an upper bound for {V}assiliev invariants},
    JOURNAL = {J. Knot Theory Ramifications},
    FJOURNAL = {Journal of Knot Theory and its Ramifications},
    YEAR = {1998},
    VOLUME = {7},
    NUMBER = {1},
    PAGES = {93--114},
    DOI = {10.1142/S0218216598000073},
    MRCLASS = {57M25 (05A16)},
    MRNUMBER = {1611987},
    MRREVIEWER = {Carlo Petronio},
}

@article {sundberg1998,
    AUTHOR = {Sundberg, Carl and Thistlethwaite, Morwen B.},
    TITLE = {The rate of growth of the number of prime alternating links and tangles},
    JOURNAL = {Pacific J. Math.},
    FJOURNAL = {Pacific Journal of Mathematics},
    YEAR = {1998},
    VOLUME = {182},
    NUMBER = {2},
    PAGES = {329--358},
    DOI = {10.2140/pjm.1998.182.329},
    MRCLASS = {57M25 (05A16)},
    MRNUMBER = {1609591},
    MRREVIEWER = {Stephen P. Humphries},
}

@article {thistlethwaite1998,
    AUTHOR = {Hoste, Jim and Thistlethwaite, Morwen B. and Weeks, Jeff},
    TITLE = {The first 1,701,936 knots},
    JOURNAL = {Math. Intelligencer},
    FJOURNAL = {The Mathematical Intelligencer},
    YEAR = {1998},
    VOLUME = {20},
    NUMBER = {4},
    PAGES = {33--48},
    DOI = {10.1007/BF03025227},
    MRCLASS = {57M25},
    MRNUMBER = {1646740},
    MRREVIEWER = {C. Kearton},
}

@incollection {traczyk1998,
    AUTHOR = {Traczyk, Paweł},
    TITLE = {A new proof of {M}arkov's braid theorem},
    BOOKTITLE = {Knot theory ({W}arsaw, 1995)},
    PUBLISHER = {Polish Acad. Sci. Inst. Math., Warszawa},
    YEAR = {1998},
    VOLUME = {42},
    SERIES = {Banach Center Publ.},
    PAGES = {409--419},
    MRCLASS = {57M25},
    MRNUMBER = {1634469},
}

@article {bigelow1999,
    AUTHOR = {Bigelow, Stephen J.},
    TITLE = {The {B}urau representation is not faithful for {$n=5$}},
    JOURNAL = {Geom. Topol.},
    FJOURNAL = {Geometry and Topology},
    YEAR = {1999},
    VOLUME = {3},
    PAGES = {397--404},
    DOI = {10.2140/gt.1999.3.397},
    MRCLASS = {20F36},
    MRNUMBER = {1725480},
    MRREVIEWER = {Darren D. Long},
}

@article {cooper1999,
    AUTHOR = {Cooper, Daryl and Lickorish, William B. R.},
    TITLE = {Mutations of links in genus {$2$} handlebodies},
    JOURNAL = {Proc. Amer. Math. Soc.},
    FJOURNAL = {Proceedings of the American Mathematical Society},
    YEAR = {1999},
    VOLUME = {127},
    NUMBER = {1},
    PAGES = {309--314},
    DOI = {10.1090/S0002-9939-99-04871-6},
    MRCLASS = {57M25},
    MRNUMBER = {1605940},
    MRREVIEWER = {Hugh Reynolds Morton},
}

@article {duzhin1999,
    AUTHOR = {Chmutov, Sergei V. and Duzhin, Sergei V.},
    TITLE = {A lower bound for the number of {V}assiliev knot invariants},
    JOURNAL = {Topology Appl.},
    FJOURNAL = {Topology and its Applications},
    YEAR = {1999},
    VOLUME = {92},
    NUMBER = {3},
    PAGES = {201--223},
    DOI = {10.1016/S0166-8641(97)00249-6},
    MRCLASS = {57M27},
    MRNUMBER = {1674810},
    MRREVIEWER = {Thang T. Q. Le},
}

@article {fenn1999,
    AUTHOR = {Fenn, Roger and Greene, Michael T. and Rolfsen, Dale and Rourke, Colin P. and Wiest, Bertold},
    TITLE = {Ordering the braid groups},
    JOURNAL = {Pacific J. Math.},
    FJOURNAL = {Pacific Journal of Mathematics},
    YEAR = {1999},
    VOLUME = {191},
    NUMBER = {1},
    PAGES = {49--74},
    DOI = {10.2140/pjm.1999.191.49},
    MRCLASS = {20F36 (57M07)},
    MRNUMBER = {1725462},
    MRREVIEWER = {Darren D. Long},
}

@article {fukuhama1999,
    AUTHOR = {Fukuhama, Satoshi and Ozawa, Makoto and Teragaito, Masakazu},
    TITLE = {Genus one, three-bridge knots are pretzel},
    JOURNAL = {J. Knot Theory Ramifications},
    FJOURNAL = {Journal of Knot Theory and its Ramifications},
    YEAR = {1999},
    VOLUME = {8},
    NUMBER = {7},
    PAGES = {879--885},
    DOI = {10.1142/S0218216599000559},
    MRCLASS = {57M25},
    MRNUMBER = {1714299},
    MRREVIEWER = {Yuanan Diao},
}

@article {jablan1999,
    AUTHOR = {Jablan, Slavik V.},
    TITLE = {Geometry of links},
    JOURNAL = {Novi Sad J. Math.},
    FJOURNAL = {Novi Sad Journal of Mathematics},
    YEAR = {1999},
    VOLUME = {29},
    NUMBER = {3},
    PAGES = {121--139},
}

@inproceedings {livingston1999,
    AUTHOR = {Livingston, Charles},
    TITLE = {Order 2 algebraically slice knots},
    BOOKTITLE = {Proceedings of the {K}irbyfest ({B}erkeley, {CA}, 1998)},
    YEAR = {1999},
    VOLUME = {2},
    SERIES = {Geom. Topol. Monogr.},
    PAGES = {335--342},
    PUBLISHER = {Geom. Topol. Publ., Coventry},
    DOI = {10.2140/gtm.1999.2.335},
    MRCLASS = {57M25 (57N70 57Q20)},
    MRNUMBER = {1734416},
}

@misc {murakami1999,
    AUTHOR = {Murakami, Jun},
    TITLE = {Finite type invariants detecting the mutant knots},
    HOWPUBLISHED = {\url{https://www.f.waseda.jp/murakami/papers/finitetype.pdf}},
    YEAR = {1999},
}

@article {obermeyer1999,
    AUTHOR = {Lamm, Christoph and Obermeyer, Daniel},
    TITLE = {Billiard knots in a cylinder},
    JOURNAL = {J. Knot Theory Ramifications},
    FJOURNAL = {Journal of Knot Theory and Its Ramifications},
    YEAR = {1999},
    VOLUME = {08},
    NUMBER = {03},
    PAGES = {353--366},
    DOI = {10.1142/s0218216599000225},
}

@article {ruberman1999,
    AUTHOR = {Ruberman, Daniel},
    TITLE = {Mutation and gauge theory. {I}. {Y}ang-{M}ills invariants},
    JOURNAL = {Comment. Math. Helv.},
    FJOURNAL = {Commentarii Mathematici Helvetici},
    YEAR = {1999},
    VOLUME = {74},
    NUMBER = {4},
    PAGES = {615--641},
    DOI = {10.1007/s000140050108},
    MRCLASS = {57R58 (57M27)},
    MRNUMBER = {1730660},
    MRREVIEWER = {Yongwu Rong},
}

@incollection {traczyk1999,
    AUTHOR = {Traczyk, Paweł},
    TITLE = {A criterion for signed unknotting number},
    BOOKTITLE = {Low-dimensional topology ({F}unchal, 1998)},
    PUBLISHER = {Amer. Math. Soc., Providence, RI},
    YEAR = {1999},
    VOLUME = {233},
    SERIES = {Contemp. Math.},
    PAGES = {215--220},
    DOI = {10.1090/conm/233/03431},
    MRCLASS = {57M25},
    MRNUMBER = {1701685},
}

@incollection {yamada1900,
    AUTHOR = {Yamada, Shuji},
    TITLE = {How to find knots with unit {J}ones polynomials},
    BOOKTITLE = {Proceedings of the conference dedicated to {P}rofessor {K}unio {M}urasugi for his 70th birthday},
    PUBLISHER = {Osaka University},
    YEAR = {1999},
    PAGES = {355--361},
}

@article {bollobas2000,
    AUTHOR = {Bollobás, Béla and Riordan, Oliver},
    TITLE = {Linearized chord diagrams and an upper bound for {V}assiliev invariants},
    JOURNAL = {J. Knot Theory Ramifications},
    FJOURNAL = {Journal of Knot Theory and its Ramifications},
    YEAR = {2000},
    VOLUME = {9},
    NUMBER = {7},
    PAGES = {847--853},
    DOI = {10.1142/S0218216500000475},
    MRCLASS = {57M27},
    MRNUMBER = {1780590},
    MRREVIEWER = {Carlo Petronio},
}

@article {dasbach2000,
    AUTHOR = {Dasbach, Oliver T.},
    TITLE = {On the combinatorial structure of primitive {V}assiliev invariants. {III}. {A} lower bound},
    JOURNAL = {Commun. Contemp. Math.},
    FJOURNAL = {Communications in Contemporary Mathematics},
    YEAR = {2000},
    VOLUME = {2},
    NUMBER = {4},
    PAGES = {579--590},
    DOI = {10.1142/S0219199700000219},
    MRCLASS = {57M27},
    MRNUMBER = {1806948},
    MRREVIEWER = {J. S. Birman},
}

@article {khovanov2000,
    AUTHOR = {Khovanov, Mikhail},
    TITLE = {A categorification of the {J}ones polynomial},
    JOURNAL = {Duke Mathematical Journal},
    FJOURNAL = {Duke Math. J.},
    YEAR = {2000},
    VOLUME = {101},
    NUMBER = {3},
    PAGES = {359--426},
    DOI = {10.1215/S0012-7094-00-10131-7},
    MRCLASS = {57M27 (57R56)},
    MRNUMBER = {1740682},
}

@article {krammer2000,
    AUTHOR = {Krammer, Daan},
    TITLE = {The braid group {$B_4$} is linear},
    JOURNAL = {Invent. Math.},
    FJOURNAL = {Inventiones Mathematicae},
    YEAR = {2000},
    VOLUME = {142},
    NUMBER = {3},
    PAGES = {451--486},
    DOI = {10.1007/s002220000088},
    MRCLASS = {20F36 (57M07)},
    MRNUMBER = {1804157},
    MRREVIEWER = {E. Formanek},
}

@article {stoimenow2000,
    AUTHOR = {Stoimenow, Alexander},
    TITLE = {Rational knots and a theorem of {K}anenobu},
    JOURNAL = {Experiment. Math.},
    FJOURNAL = {Experimental Mathematics},
    YEAR = {2000},
    VOLUME = {9},
    NUMBER = {3},
    PAGES = {473--478},
    MRCLASS = {57M25},
    MRNUMBER = {1795879},
    MRREVIEWER = {Hans U. Boden},
}

@article {yasuhara2000,
    AUTHOR = {Murakami, Hitoshi and Yasuhara, Akira},
    TITLE = {Four-genus and four-dimensional clasp number of a knot},
    JOURNAL = {Proc. Amer. Math. Soc.},
    FJOURNAL = {Proceedings of the American Mathematical Society},
    YEAR = {2000},
    VOLUME = {128},
    NUMBER = {12},
    PAGES = {3693--3699},
    DOI = {10.1090/S0002-9939-00-05461-7},
    MRCLASS = {57M25},
    MRNUMBER = {1690998},
    MRREVIEWER = {Jonathan A. Hillman},
}

@article {bigelow2001,
    AUTHOR = {Bigelow, Stephen J.},
    TITLE = {Braid groups are linear},
    JOURNAL = {J. Amer. Math. Soc.},
    FJOURNAL = {Journal of the American Mathematical Society},
    YEAR = {2001},
    VOLUME = {14},
    NUMBER = {2},
    PAGES = {471--486},
    DOI = {10.1090/S0894-0347-00-00361-1},
    MRCLASS = {20F36 (57M07)},
    MRNUMBER = {1815219},
    MRREVIEWER = {Darryl McCullough},
}

@article {calvo2001,
    AUTHOR = {Calvo, Jorge A.},
    TITLE = {Geometric knot spaces and polygonal isotopy},
    JOURNAL = {J. Knot Theory Ramifications},
    FJOURNAL = {Journal of Knot Theory and its Ramifications},
    YEAR = {2001},
    VOLUME = {10},
    NUMBER = {2},
    PAGES = {245--267},
    NOTE = {Knots in Hellas '98, Vol. 2 (Delphi)},
    DOI = {10.1142/S0218216501000834},
    MRCLASS = {57M25 (57M27)},
    MRNUMBER = {1822491},
    MRREVIEWER = {Marko Kranjc},
}

@article {cao2001,
    AUTHOR = {Cao, Chun and Meyerhoff, Robert G.},
    TITLE = {The orientable cusped hyperbolic {$3$}-manifolds of minimum volume},
    JOURNAL = {Invent. Math.},
    FJOURNAL = {Inventiones Mathematicae},
    YEAR = {2001},
    VOLUME = {146},
    NUMBER = {3},
    PAGES = {451--478},
    DOI = {10.1007/s002220100167},
    MRCLASS = {57M50 (57N10)},
    MRNUMBER = {1869847},
    MRREVIEWER = {Colin C. Adams},
}

@article {ostlund2001,
    AUTHOR = {Östlund, Olof P.},
    TITLE = {Invariants of knot diagrams and relations among {R}eidemeister moves},
    JOURNAL = {J. Knot Theory Ramifications},
    FJOURNAL = {Journal of Knot Theory and its Ramifications},
    YEAR = {2001},
    VOLUME = {10},
    NUMBER = {8},
    PAGES = {1215--1227},
    DOI = {10.1142/S0218216501001402},
    MRCLASS = {57M25 (57M27)},
    MRNUMBER = {1871226},
    MRREVIEWER = {Mark R. Woodard},
}

@article {polyak2001,
    AUTHOR = {Polyak, Michael and Viro, Oleg J.},
    TITLE = {On the {C}asson knot invariant},
    JOURNAL = {J. Knot Theory Ramifications},
    FJOURNAL = {Journal of Knot Theory and its Ramifications},
    YEAR = {2001},
    VOLUME = {10},
    NUMBER = {5},
    PAGES = {711--738},
    NOTE = {Knots in Hellas '98, Vol. 3 (Delphi)},
    DOI = {10.1142/S0218216501001116},
    MRCLASS = {57M27},
    MRNUMBER = {1839698},
    MRREVIEWER = {Colin C. Adams},
}

@article {stoimenow2001,
    AUTHOR = {Stoimenow, Alexander},
    TITLE = {Some examples related to 4-genera, unknotting numbers and knot polynomials},
    JOURNAL = {J. London Math. Soc. (2)},
    FJOURNAL = {Journal of the London Mathematical Society. Second Series},
    YEAR = {2001},
    VOLUME = {63},
    NUMBER = {2},
    PAGES = {487--500},
    DOI = {10.1017/S0024610700001897},
    MRCLASS = {57M25 (57M12 57M27)},
    MRNUMBER = {1810143},
    MRREVIEWER = {Olivier Collin},
}

@article {stoimenowa2001,
    AUTHOR = {Stoimenow, Alexander},
    TITLE = {On finiteness of {V}assiliev invariants and a proof of the {L}in-{W}ang conjecture via braiding polynomials},
    JOURNAL = {J. Knot Theory Ramifications},
    FJOURNAL = {Journal of Knot Theory and its Ramifications},
    YEAR = {2001},
    VOLUME = {10},
    NUMBER = {5},
    PAGES = {769--780},
    NOTE = {Knots in Hellas '98, Vol. 3 (Delphi)},
    DOI = {10.1142/S0218216501001141},
    MRCLASS = {57M27},
    MRNUMBER = {1839701},
    MRREVIEWER = {Colin C. Adams},
}

@article {thistlethwaite2001,
    AUTHOR = {Thistlethwaite, Morwen B.},
    TITLE = {Links with trivial {J}ones polynomial},
    JOURNAL = {J. Knot Theory Ramifications},
    FJOURNAL = {Journal of Knot Theory and its Ramifications},
    YEAR = {2001},
    VOLUME = {10},
    NUMBER = {4},
    PAGES = {641--643},
    DOI = {10.1142/S0218216501001050},
    MRCLASS = {57M25 (57M27)},
    MRNUMBER = {1831681},
    MRREVIEWER = {Lorenzo Traldi},
}

@article {zagier2001,
    AUTHOR = {Zagier, Don},
    TITLE = {Vassiliev invariants and a strange identity related to the {D}edekind eta-function},
    JOURNAL = {Topology},
    FJOURNAL = {Topology. An International Journal of Mathematics},
    YEAR = {2001},
    VOLUME = {40},
    NUMBER = {5},
    PAGES = {945--960},
    DOI = {10.1016/S0040-9383(00)00005-7},
    MRCLASS = {11F23 (05A30 11F20 11F67 57M27)},
    MRNUMBER = {1860536},
    MRREVIEWER = {Alexander G. Stoimenow},
}

@article {barnatan2002,
    AUTHOR = {Bar-Natan, Dror},
    TITLE = {On {K}hovanov's categorification of the {J}ones polynomial},
    JOURNAL = {Algebr. Geom. Topol.},
    FJOURNAL = {Algebraic \& Geometric Topology},
    YEAR = {2002},
    VOLUME = {2},
    PAGES = {337--370},
    DOI = {10.2140/agt.2002.2.337},
    MRCLASS = {57M27},
    MRNUMBER = {1917056},
    MRREVIEWER = {Jacob Andrew Rasmussen},
}

@article {birman2002,
    AUTHOR = {Birman, Joan S. and Menasco, William W.},
    TITLE = {On {M}arkov's theorem},
    JOURNAL = {J. Knot Theory Ramifications},
    FJOURNAL = {Journal of Knot Theory and its Ramifications},
    YEAR = {2002},
    VOLUME = {11},
    NUMBER = {3},
    PAGES = {295--310},
    NOTE = {Knots 2000 Korea, Vol. 1 (Yongpyong)},
    DOI = {10.1142/S0218216502001627},
    MRCLASS = {57M25},
    MRNUMBER = {1905686},
}

@article {cantarella2002,
    AUTHOR = {Cantarella, Jason and Kusner, Robert B. and Sullivan, John M.},
    TITLE = {On the minimum ropelength of knots and links},
    JOURNAL = {Invent. Math.},
    FJOURNAL = {Inventiones Mathematicae},
    YEAR = {2002},
    VOLUME = {150},
    NUMBER = {2},
    PAGES = {257--286},
    DOI = {10.1007/s00222-002-0234-y},
    MRCLASS = {58E10 (57M25)},
    MRNUMBER = {1933586},
    MRREVIEWER = {Yuanan Diao},
}

@article {dabkowski2002,
    AUTHOR = {Dąbkowski, Mieczysław K. and Przytycki, Józef H.},
    TITLE = {Burnside obstructions to the {M}ontesinos–{N}akanishi 3–move conjecture},
    JOURNAL = {Geom. Topol.},
    FJOURNAL = {Geometry and Topology},
    YEAR = {2002},
    VOLUME = {6},
    PAGES = {355--360},
}

@book {hatcher2002,
    AUTHOR = {Hatcher, Allen},
    TITLE = {Algebraic topology},
    PUBLISHER = {Cambridge University Press, Cambridge},
    YEAR = {2002},
    MRCLASS = {55-01 (55-00)},
    MRNUMBER = {1867354},
    MRREVIEWER = {Donald W. Kahn},
}

@article {ishikawa2002,
    AUTHOR = {Gibson, William and Ishikawa, Masaharu},
    TITLE = {Links and {G}ordian numbers associated with generic immersions of intervals},
    JOURNAL = {Topology Appl.},
    FJOURNAL = {Topology and its Applications},
    YEAR = {2002},
    VOLUME = {123},
    NUMBER = {3},
    PAGES = {609--636},
    DOI = {10.1016/S0166-8641(01)00224-3},
    MRCLASS = {57M25},
    MRNUMBER = {1924054},
    MRREVIEWER = {Charles Livingston},
}

@article {krammer2002,
    AUTHOR = {Krammer, Daan},
    TITLE = {Braid groups are linear},
    JOURNAL = {Ann. of Math. (2)},
    FJOURNAL = {Annals of Mathematics. Second Series},
    YEAR = {2002},
    VOLUME = {155},
    NUMBER = {1},
    PAGES = {131--156},
    DOI = {10.2307/3062152},
    MRCLASS = {20F36 (57M07)},
    MRNUMBER = {1888796},
    MRREVIEWER = {Luis Paris},
}

@article {manturov2002,
    AUTHOR = {Manturov, Vassily O.},
    TITLE = {A combinatorial representation of links by quasitoric braids},
    JOURNAL = {European J. Combin.},
    FJOURNAL = {European Journal of Combinatorics},
    YEAR = {2002},
    VOLUME = {23},
    NUMBER = {2},
    PAGES = {207--212},
    DOI = {10.1006/eujc.2001.0546},
    MRCLASS = {57M25},
    MRNUMBER = {1881552},
    MRREVIEWER = {Colin C. Adams},
}

@incollection {ohtsuki2002,
    AUTHOR = {Ohtsuki, Tomotada},
    TITLE = {Problems on invariants of knots and 3-manifolds},
    BOOKTITLE = {Invariants of knots and 3-manifolds ({K}yoto, 2001)},
    PUBLISHER = {Geom. Topol. Publ., Coventry},
    YEAR = {2002},
    VOLUME = {4},
    SERIES = {Geom. Topol. Monogr.},
    PAGES = {377--572},
    DOI = {10.2140/gtm.2002.4},
    MRCLASS = {57M27 (00A07)},
    MRNUMBER = {2065029},
    MRREVIEWER = {Nikolai N. Saveliev},
}

@article {stoimenow2002,
    AUTHOR = {Stoimenow, Alexander},
    TITLE = {On the crossing number of positive knots and braids and braid index criteria of {J}ones and {M}orton-{W}illiams-{F}ranks},
    JOURNAL = {Trans. Amer. Math. Soc.},
    FJOURNAL = {Transactions of the American Mathematical Society},
    YEAR = {2002},
    VOLUME = {354},
    NUMBER = {10},
    PAGES = {3927--3954},
    DOI = {10.1090/S0002-9947-02-03022-2},
    MRCLASS = {57M25 (20F36)},
    MRNUMBER = {1926860},
    MRREVIEWER = {Stephen P. Humphries},
}

@article {stoimenowa2002,
    AUTHOR = {Stoimenow, Alexander},
    TITLE = {Branched cover homology and {$\mathbb Q$} evaluations},
    JOURNAL = {Osaka J. Math.},
    FJOURNAL = {Osaka Journal of Mathematics},
    YEAR = {2002},
    VOLUME = {39},
    NUMBER = {1},
    PAGES = {13--21},
    MRCLASS = {57M12 (57M25)},
    MRNUMBER = {1883911},
    MRREVIEWER = {Mario Eudave Mu\~{n}oz},
}

@misc {thurston2002,
    AUTHOR = {Thurston, William P.},
    TITLE = {{T}he {G}eometry and {T}opology of {T}hree-{M}anifolds},
    HOWPUBLISHED = {\url{http://library.msri.org/books/gt3m/}},
    YEAR = {2002},
}

@article {tripp2002,
    AUTHOR = {Tripp, James J.},
    TITLE = {The canonical genus of {W}hitehead doubles of a family torus knots},
    JOURNAL = {J. Knot Theory Ramifications},
    FJOURNAL = {Journal of Knot Theory and its Ramifications},
    YEAR = {2002},
    VOLUME = {11},
    NUMBER = {8},
    PAGES = {1233--1242},
    DOI = {10.1142/S0218216502002219},
    MRCLASS = {57M25},
    MRNUMBER = {1949777},
    MRREVIEWER = {Hitoshi Murakami},
}

@misc {viro2002,
    AUTHOR = {Viro, Oleg J.},
    TITLE = {Remarks on definition of {K}hovanov homology},
    HOWPUBLISHED = {\url{https://arxiv.org/abs/math/0202199}},
    YEAR = {2002},
}

@article {diao2003,
    AUTHOR = {Diao, Yuanan},
    TITLE = {The lower bounds of the lengths of thick knots},
    JOURNAL = {J. Knot Theory Ramifications},
    FJOURNAL = {Journal of Knot Theory and its Ramifications},
    YEAR = {2003},
    VOLUME = {12},
    NUMBER = {1},
    PAGES = {1--16},
    DOI = {10.1142/S0218216503002275},
    MRCLASS = {57M25 (57M27 58E10)},
    MRNUMBER = {1953620},
    MRREVIEWER = {Arkady L. Kholodenko},
}

@article {eliahou2003,
    AUTHOR = {Eliahou, Shalom and Kauffman, Louis H. and Thistlethwaite, Morwen B.},
    TITLE = {Infinite families of links with trivial {J}ones polynomial},
    JOURNAL = {Topology},
    FJOURNAL = {Topology. An International Journal of Mathematics},
    YEAR = {2003},
    VOLUME = {42},
    NUMBER = {1},
    PAGES = {155--169},
    DOI = {10.1016/S0040-9383(02)00012-5},
    MRCLASS = {57M27},
    MRNUMBER = {1928648},
    MRREVIEWER = {Wilbur Whitten},
}

@misc {gruber2003,
    AUTHOR = {Gruber, Hermann},
    TITLE = {Estimates for the minimal crossing number},
    HOWPUBLISHED = {\url{https://arxiv.org/abs/math/0303273}},
    YEAR = {2003},
}

@article {lopes2003,
    AUTHOR = {Dionísio, Miguel and Lopes, Pedro},
    TITLE = {Quandles at finite temperatures. {II}},
    JOURNAL = {J. Knot Theory Ramifications},
    FJOURNAL = {Journal of Knot Theory and its Ramifications},
    YEAR = {2003},
    VOLUME = {12},
    NUMBER = {8},
    PAGES = {1041--1092},
    DOI = {10.1142/S0218216503002949},
    MRCLASS = {57M27 (82B99)},
    MRNUMBER = {2017983},
    MRREVIEWER = {Arkady L. Kholodenko},
}

@article {ozsvath2003,
    AUTHOR = {Ozsváth, Peter and Szabó, Zoltán},
    TITLE = {Heegaard {F}loer homology and alternating knots},
    JOURNAL = {Geom. Topol.},
    FJOURNAL = {Geometry and Topology},
    YEAR = {2003},
    VOLUME = {7},
    PAGES = {225--254},
    DOI = {10.2140/gt.2003.7.225},
    MRCLASS = {57R58 (53D40 57M27)},
    MRNUMBER = {1988285},
    MRREVIEWER = {Jacob Andrew Rasmussen},
}

@article {schultens2003,
    AUTHOR = {Schultens, Jennifer},
    TITLE = {Additivity of bridge numbers of knots},
    JOURNAL = {Mathematical Proceedings of the Cambridge Philosophical Society},
    FJOURNAL = {Math. Proc. Cambridge Philos. Soc.},
    YEAR = {2003},
    VOLUME = {135},
    NUMBER = {3},
    PAGES = {539--544},
    DOI = {10.1017/S0305004103006832},
    MRCLASS = {57M25},
    MRNUMBER = {2018265},
    MRREVIEWER = {Genevieve S. Walsh},
}

@article {stoimenow2003,
    AUTHOR = {Stoimenow, Alexander},
    TITLE = {Positive knots, closed braids and the {J}ones polynomial},
    JOURNAL = {Ann. Sc. Norm. Super. Pisa Cl. Sci. (5)},
    FJOURNAL = {Annali della Scuola Normale Superiore di Pisa. Classe di Scienze. Serie V},
    YEAR = {2003},
    VOLUME = {2},
    NUMBER = {2},
    PAGES = {237--285},
    MRCLASS = {57M27 (57M25)},
    MRNUMBER = {2004964},
    MRREVIEWER = {Jianyuan K. Zhong},
}

@article {szabo2003,
    AUTHOR = {Ozsváth, Peter and Szabó, Zoltán},
    TITLE = {Knot {F}loer homology and the four-ball genus},
    JOURNAL = {Geom. Topol.},
    FJOURNAL = {Geometry and Topology},
    YEAR = {2003},
    VOLUME = {7},
    PAGES = {615--639},
    DOI = {10.2140/gt.2003.7.615},
    MRCLASS = {57R58 (57M25 57M27)},
    MRNUMBER = {2026543},
    MRREVIEWER = {Stanislav Jabuka},
}

@phdthesis {crans2004,
    AUTHOR = {Crans, Alissa S.},
    TITLE = {Lie 2-algebras},
    SCHOOL = {University of California, Riverside},
    YEAR = {2004},
    MRCLASS = {Thesis},
    MRNUMBER = {2706291},
}

@book {cromwell2004,
    AUTHOR = {Cromwell, Peter R.},
    TITLE = {Knots and links},
    PUBLISHER = {Cambridge University Press, Cambridge},
    YEAR = {2004},
    DOI = {10.1017/CBO9780511809767},
    MRCLASS = {57M25},
    MRNUMBER = {2107964},
    MRREVIEWER = {Sergei K. Lando},
}

@article {diao2004,
    AUTHOR = {Diao, Yuanan},
    TITLE = {The additivity of crossing numbers},
    JOURNAL = {J. Knot Theory Ramifications},
    FJOURNAL = {Journal of Knot Theory and its Ramifications},
    YEAR = {2004},
    VOLUME = {13},
    NUMBER = {7},
    PAGES = {857--866},
    DOI = {10.1142/S0218216504003524},
    MRCLASS = {57M25},
    MRNUMBER = {2101230},
    MRREVIEWER = {Masayuki Yamasaki},
}

@article {janiak2004,
    AUTHOR = {Janiak-Osajca, Agnieszka and Pogoda, Zdzisław},
    TITLE = {Węzły, supły i ułamki},
    JOURNAL = {Matematyka-Społeczeństwo-Nauczanie},
    FJOURNAL = {MSN},
    YEAR = {2004},
    VOLUME = {33},
    PAGES = {31--35},
}

@article {kauffman2004,
    AUTHOR = {Kauffman, Louis H. and Lambropoulou, Sofia},
    TITLE = {On the classification of rational tangles},
    JOURNAL = {Advances in Applied Mathematics},
    FJOURNAL = {Adv. in Appl. Math.},
    YEAR = {2004},
    VOLUME = {33},
    NUMBER = {2},
    PAGES = {199--237},
    DOI = {10.1016/j.aam.2003.06.002},
    MRCLASS = {57M25},
    MRNUMBER = {2074397},
    MRREVIEWER = {Eriko Hironaka},
}

@book {manturov2004,
    AUTHOR = {Manturov, Vassily O.},
    TITLE = {Knot theory},
    PUBLISHER = {Chapman \& Hall/CRC, Boca Raton, FL},
    YEAR = {2004},
    DOI = {10.1201/9780203402849},
    MRCLASS = {57M25 (57M27)},
    MRNUMBER = {2068425},
    MRREVIEWER = {Jacob Mostovoy},
}

@article {marche2004,
    AUTHOR = {Marché, Julien},
    TITLE = {A computation of the {K}ontsevich integral of torus knots},
    JOURNAL = {Algebr. Geom. Topol.},
    FJOURNAL = {Algebraic \& Geometric Topology},
    YEAR = {2004},
    VOLUME = {4},
    PAGES = {1155--1175},
    DOI = {10.2140/agt.2004.4.1155},
    MRCLASS = {57M27 (57M25 57R56)},
    MRNUMBER = {2113901},
    MRREVIEWER = {Riccardo Longoni},
}

@article {rankin2004,
    AUTHOR = {Rankin, Stuart and Flint, Ortho and Schermann, John},
    TITLE = {Enumerating the prime alternating knots. {I}},
    JOURNAL = {J. Knot Theory Ramifications},
    FJOURNAL = {Journal of Knot Theory and its Ramifications},
    YEAR = {2004},
    VOLUME = {13},
    NUMBER = {1},
    PAGES = {57--100},
    DOI = {10.1142/S0218216504003044},
    MRCLASS = {57M25 (57M15)},
    MRNUMBER = {2039118},
    MRREVIEWER = {Marko Kranjc},
}

@article {stoimenow2004,
    AUTHOR = {Stoimenow, Alexander},
    TITLE = {Polynomial values, the linking form and unknotting numbers},
    JOURNAL = {Math. Res. Lett.},
    FJOURNAL = {Mathematical Research Letters},
    YEAR = {2004},
    VOLUME = {11},
    NUMBER = {5-6},
    PAGES = {755--769},
    DOI = {10.4310/MRL.2004.v11.n6.a4},
    MRCLASS = {57M27 (57M25)},
    MRNUMBER = {2106240},
    MRREVIEWER = {Vladimir V. Tchernov},
}

@article {stoimenowb2004,
    AUTHOR = {Stoimenow, Alexander},
    TITLE = {On the number of links and link polynomials},
    JOURNAL = {Quart. J. Math., Oxford Ser. (2)},
    FJOURNAL = {The Quarterly Journal of Mathematics. Oxford. Second Series},
    YEAR = {2004},
    VOLUME = {55?},
    NUMBER = {55?},
    PAGES = {87--98},
    MRNUMBER = {2043016?},
}

@article {viro2004,
    AUTHOR = {Viro, Oleg J.},
    TITLE = {Khovanov homology, its definitions and ramifications},
    JOURNAL = {Fundamenta Mathematicae},
    FJOURNAL = {Fund. Math.},
    YEAR = {2004},
    VOLUME = {184},
    PAGES = {317--342},
    DOI = {10.4064/fm184-0-18},
    MRCLASS = {57M27 (57M25)},
    MRNUMBER = {2128056},
    MRREVIEWER = {Jacob Andrew Rasmussen},
}

@article {yu2004,
    AUTHOR = {Diao, Yuanan and Ernst, Claus and Yu, Xingxing},
    TITLE = {Hamiltonian knot projections and lengths of thick knots},
    JOURNAL = {Topology Appl.},
    FJOURNAL = {Topology and its Applications},
    YEAR = {2004},
    VOLUME = {136},
    NUMBER = {1-3},
    PAGES = {7--36},
    DOI = {10.1016/S0166-8641(03)00182-2},
    MRCLASS = {57M25},
    MRNUMBER = {2023409},
    MRREVIEWER = {Nikolai N. Saveliev},
}

@incollection {adams2005,
    AUTHOR = {Adams, Colin C.},
    TITLE = {Hyperbolic knots},
    BOOKTITLE = {Handbook of knot theory},
    PUBLISHER = {Elsevier B. V., Amsterdam},
    YEAR = {2005},
    PAGES = {1--18},
    DOI = {10.1016/B978-044451452-3/50002-2},
    MRCLASS = {57M25 (57M50)},
    MRNUMBER = {2179259},
    MRREVIEWER = {Carlo Petronio},
}

@incollection {birman2005,
    AUTHOR = {Birman, Joan S. and Brendle, Tara E.},
    TITLE = {Braids: a survey},
    BOOKTITLE = {Handbook of knot theory},
    PUBLISHER = {Elsevier B. V., Amsterdam},
    YEAR = {2005},
    PAGES = {19--103},
    DOI = {10.1016/B978-044451452-3/50003-4},
    MRCLASS = {57M25 (20F36 55R80 57M27 57R17)},
    MRNUMBER = {2179260},
    MRREVIEWER = {Darren D. Long},
}

@misc {chmutov2005,
    AUTHOR = {Chmutov, Sergei V. and Duzhin, Sergei V.},
    TITLE = {The {K}ontsevich integral},
    HOWPUBLISHED = {\url{https://arxiv.org/abs/math/0501040}},
    YEAR = {2005},
}

@article {gambaudo2005,
    AUTHOR = {Gambaudo, Jean-Marc and Ghys, Étienne},
    TITLE = {Braids and signatures},
    JOURNAL = {Bull. Soc. Math. France},
    FJOURNAL = {Bulletin de la Soci\'{e}t\'{e} Math\'{e}matique de France},
    YEAR = {2005},
    VOLUME = {133},
    NUMBER = {4},
    PAGES = {541--579},
    DOI = {10.24033/bsmf.2496},
    MRCLASS = {57M25 (11Z05 20F36 53D12)},
    MRNUMBER = {2233695},
    MRREVIEWER = {Hans U. Boden},
}

@article {hayashi2005,
    AUTHOR = {Hayashi, Chuichiro},
    TITLE = {The number of {R}eidemeister moves for splitting a link},
    JOURNAL = {Math. Ann.},
    FJOURNAL = {Mathematische Annalen},
    YEAR = {2005},
    VOLUME = {332},
    NUMBER = {2},
    PAGES = {239--252},
    DOI = {10.1007/s00208-004-0599-x},
    MRCLASS = {57M25 (57N10)},
    MRNUMBER = {2178061},
    MRREVIEWER = {Carlo Petronio},
}

@article {kim2005,
    AUTHOR = {Kim, Se-Goo and Livingston, Charles},
    TITLE = {Knot mutation: 4-genus of knots and algebraic concordance},
    JOURNAL = {Pacific J. Math.},
    FJOURNAL = {Pacific Journal of Mathematics},
    YEAR = {2005},
    VOLUME = {220},
    NUMBER = {1},
    PAGES = {87--105},
    DOI = {10.2140/pjm.2005.220.87},
    MRCLASS = {57M25},
    MRNUMBER = {2195064},
    MRREVIEWER = {Swatee Naik},
}

@article {nakanishi2005,
    AUTHOR = {Nakanishi, Yasutaka},
    TITLE = {A note on unknotting number. {II}},
    JOURNAL = {J. Knot Theory Ramifications},
    FJOURNAL = {Journal of Knot Theory and its Ramifications},
    YEAR = {2005},
    VOLUME = {14},
    NUMBER = {1},
    PAGES = {3--8},
    DOI = {10.1142/S0218216505003701},
    MRCLASS = {57M25},
    MRNUMBER = {2124552},
    MRREVIEWER = {G. Burde},
}

@article {stoimenow2005,
    AUTHOR = {Stoimenow, Alexander},
    TITLE = {Square numbers, spanning trees and invariants of achiral knots},
    JOURNAL = {Comm. Anal. Geom.},
    FJOURNAL = {Communications in Analysis and Geometry},
    YEAR = {2005},
    VOLUME = {13},
    NUMBER = {3},
    PAGES = {591--631},
    MRCLASS = {57M27 (05C05 11Z05 57M25)},
    MRNUMBER = {2171693},
}

@article {szabo2005,
    AUTHOR = {Ozsváth, Peter and Szabó, Zoltán},
    TITLE = {Knots with unknotting number one and {H}eegaard {F}loer homology},
    JOURNAL = {Topology},
    FJOURNAL = {Topology. An International Journal of Mathematics},
    YEAR = {2005},
    VOLUME = {44},
    NUMBER = {4},
    PAGES = {705--745},
    DOI = {10.1016/j.top.2005.01.002},
    MRCLASS = {57R58 (57M25)},
    MRNUMBER = {2136532},
    MRREVIEWER = {Vicente Mu\~{n}oz},
}

@article {vertigan2005,
    AUTHOR = {Vertigan, Dirk},
    TITLE = {The computational complexity of {T}utte invariants for planar graphs},
    JOURNAL = {SIAM J. Comput.},
    FJOURNAL = {SIAM Journal on Computing},
    YEAR = {2005},
    VOLUME = {35},
    NUMBER = {3},
    PAGES = {690--712},
    DOI = {10.1137/S0097539704446797},
    MRCLASS = {68Q17 (05A15 05B35 05C85 68Q15 68Q25 68R10)},
    MRNUMBER = {2201454},
    MRREVIEWER = {Mark R. Jerrum},
}

@incollection {weeks2005,
    AUTHOR = {Weeks, Jeff},
    TITLE = {Computation of hyperbolic structures in knot theory},
    BOOKTITLE = {Handbook of knot theory},
    PUBLISHER = {Elsevier B. V., Amsterdam},
    YEAR = {2005},
    PAGES = {461--480},
    DOI = {10.1016/B978-044451452-3/50011-3},
    MRCLASS = {57M25 (57M50)},
    MRNUMBER = {2179268},
    MRREVIEWER = {Mattia Mecchia},
}

@misc {brittenham2006,
    AUTHOR = {Brittenham, Mark W. and Jensen, Jacqueline},
    TITLE = {Canonical genus and the {W}hitehead doubles of pretzel knots},
    HOWPUBLISHED = {\url{https://arxiv.org/abs/math/0608765}},
    YEAR = {2006},
}

@article {coward2006,
    AUTHOR = {Coward, Alexander},
    TITLE = {Ordering the {R}eidemeister moves of a classical knot},
    JOURNAL = {Algebr. Geom. Topol.},
    FJOURNAL = {Algebraic \& Geometric Topology},
    YEAR = {2006},
    VOLUME = {6},
    PAGES = {659--671},
    DOI = {10.2140/agt.2006.6.659},
    MRCLASS = {57M25 (57M27)},
    MRNUMBER = {2240911},
    MRREVIEWER = {Stefan K. Friedl},
}

@article {denne2006,
    AUTHOR = {Denne, Elizabeth and Diao, Yuanan and Sullivan, John M.},
    TITLE = {Quadrisecants give new lower bounds for the ropelength of a knot},
    JOURNAL = {Geom. Topol.},
    FJOURNAL = {Geometry and Topology},
    YEAR = {2006},
    VOLUME = {10},
    PAGES = {1--26},
    DOI = {10.2140/gt.2006.10.1},
    MRCLASS = {58E10 (53A04 57M25)},
    MRNUMBER = {2207788},
    MRREVIEWER = {Dave Auckly},
}

@article {elrifai2006,
    AUTHOR = {Elrifai, Elsayed A.},
    TITLE = {On stick number of knots and links},
    JOURNAL = {Chaos Solitons Fractals},
    FJOURNAL = {Chaos, Solitons \& Fractals},
    YEAR = {2006},
    VOLUME = {27},
    NUMBER = {1},
    PAGES = {233--236},
    DOI = {10.1016/j.chaos.2005.03.037},
    MRCLASS = {92E10 (57M25)},
    MRNUMBER = {2165277},
    MRREVIEWER = {Erica Flapan},
}

@article {gordon2006,
    AUTHOR = {Gordon, Cameron McA. and Luecke, John},
    TITLE = {Knots with unknotting number 1 and essential {C}onway spheres},
    JOURNAL = {Algebr. Geom. Topol.},
    FJOURNAL = {Algebraic \& Geometric Topology},
    YEAR = {2006},
    VOLUME = {6},
    PAGES = {2051--2116},
    DOI = {10.2140/agt.2006.6.2051},
    MRCLASS = {57M25 (57N10)},
    MRNUMBER = {2263059},
    MRREVIEWER = {Daniel Ruberman},
}

@article {hagge2006,
    AUTHOR = {Hagge, Tobias J.},
    TITLE = {Every {R}eidemeister move is needed for each knot type},
    JOURNAL = {Proc. Amer. Math. Soc.},
    FJOURNAL = {Proceedings of the American Mathematical Society},
    YEAR = {2006},
    VOLUME = {134},
    NUMBER = {1},
    PAGES = {295--301},
    DOI = {10.1090/S0002-9939-05-07935-9},
    MRCLASS = {57M25},
    MRNUMBER = {2170571},
    MRREVIEWER = {Mark R. Woodard},
}

@article {nakamura2006,
    AUTHOR = {Nakamura, Takuji},
    TITLE = {On the crossing number of 2-bridge knot and the canonical genus of its {W}hitehead double},
    JOURNAL = {Osaka J. Math.},
    FJOURNAL = {Osaka Journal of Mathematics},
    YEAR = {2006},
    VOLUME = {43},
    NUMBER = {3},
    PAGES = {609--623},
    MRCLASS = {57M25},
    MRNUMBER = {2283412},
    MRREVIEWER = {Daniel Silver},
}

@article {taalman2005,
    AUTHOR = {Brownell, Kathryn and Oneil, Kaitlyn and Taalman, Laura},
    TITLE = {Counting {$m$}-coloring classes of knots and links},
    JOURNAL = {Pi Mu Epsilon Journal},
    FJOURNAL = {Pi Mu Epsilon Journal},
    YEAR = {2006},
    VOLUME = {12},
    NUMBER = {5},
    PAGES = {265--278},
}

@misc {zirbel2006,
    AUTHOR = {Hoste, Jim and Zirbel, Laura},
    TITLE = {Lissajous knots and knots with {L}issajous projections},
    HOWPUBLISHED = {\url{https://arxiv.org/abs/math/0605632}},
    YEAR = {2006},
}

@article {barnatan2007,
    AUTHOR = {Bar-Natan, Dror},
    TITLE = {Fast {K}hovanov homology computations},
    JOURNAL = {J. Knot Theory Ramifications},
    FJOURNAL = {Journal of Knot Theory and its Ramifications},
    YEAR = {2007},
    VOLUME = {16},
    NUMBER = {3},
    PAGES = {243--255},
    DOI = {10.1142/S0218216507005294},
    MRCLASS = {57M25},
    MRNUMBER = {2320156},
}

@article {lisca2007,
    AUTHOR = {Lisca, Paolo},
    TITLE = {Lens spaces, rational balls and the ribbon conjecture},
    JOURNAL = {Geom. Topol.},
    FJOURNAL = {Geometry \& Topology},
    YEAR = {2007},
    VOLUME = {11},
    PAGES = {429--472},
    DOI = {10.2140/gt.2007.11.429},
    MRCLASS = {57M25 (57M12)},
    MRNUMBER = {2302495},
    MRREVIEWER = {Darren D. Long},
}

@misc {stoimenow2007,
    AUTHOR = {Stoimenow, Alexander},
    TITLE = {Non-triviality of the {J}ones polynomial and the crossing numbers of amphicheiral knots},
    HOWPUBLISHED = {\url{https://arxiv.org/abs/math/0606255}},
    YEAR = {2007},
}

@article {ghiggini2008,
    AUTHOR = {Ghiggini, Paolo},
    TITLE = {Knot {F}loer homology detects genus-one fibred knots},
    JOURNAL = {Amer. J. Math.},
    FJOURNAL = {American Journal of Mathematics},
    YEAR = {2008},
    VOLUME = {130},
    NUMBER = {5},
    PAGES = {1151--1169},
    DOI = {10.1353/ajm.0.0016},
    MRCLASS = {57M25 (57R58)},
    MRNUMBER = {2450204},
}

@book {kassel2008,
    AUTHOR = {Kassel, Christian and Turaev, Vladimir G.},
    TITLE = {Braid groups},
    PUBLISHER = {Springer, Nowy Jork},
    YEAR = {2008},
    VOLUME = {247},
    SERIES = {Graduate Texts in Mathematics},
    DOI = {10.1007/978-0-387-68548-9},
    MRCLASS = {20F36 (20C08 20F10 20F60 20M05 55R80 57M25 57M50)},
    MRNUMBER = {2435235},
    MRREVIEWER = {Stephen P. Humphries},
}

@article {owens2008,
    AUTHOR = {Owens, Brendan},
    TITLE = {Unknotting information from {H}eegaard {F}loer homology},
    JOURNAL = {Adv. Math.},
    FJOURNAL = {Advances in Mathematics},
    YEAR = {2008},
    VOLUME = {217},
    NUMBER = {5},
    PAGES = {2353--2376},
    DOI = {10.1016/j.aim.2007.10.006},
    MRCLASS = {57M27 (57R58)},
    MRNUMBER = {2388097},
    MRREVIEWER = {Dan A. Lee},
}

@article {stoimenow2008,
    AUTHOR = {Stoimenow, Alexander},
    TITLE = {Knots of (canonical) genus two},
    JOURNAL = {Fund. Math.},
    FJOURNAL = {Fundamenta Mathematicae},
    YEAR = {2008},
    VOLUME = {200},
    NUMBER = {1},
    PAGES = {1--67},
    DOI = {10.4064/fm200-1-1},
    MRCLASS = {57M25 (20F36 57M27 57M50)},
    MRNUMBER = {2443760},
    MRREVIEWER = {Daan Krammer},
}

@article {bacardit2009,
    AUTHOR = {Bacardit, Lluís and Dicks, Warren},
    TITLE = {Actions of the braid group, and new algebraic proofs of results of {D}ehornoy and {L}arue},
    JOURNAL = {Groups Complex. Cryptol.},
    FJOURNAL = {Groups. Complexity. Cryptology},
    YEAR = {2009},
    VOLUME = {1},
    NUMBER = {1},
    PAGES = {77--129},
    DOI = {10.1515/GCC.2009.77},
    MRCLASS = {20F36 (20E05 20F60)},
    MRNUMBER = {2502938},
    MRREVIEWER = {Stephen P. Humphries},
}

@misc {gellert2009,
    AUTHOR = {Gellert, Florian},
    TITLE = {Kombinatorische {I}nvarianten},
    YEAR = {2009},
    NOTE = {Praca licencjacka napisana na uniwersytecie w Bonn, udostępniona jedynie w prywatnej korespondencji},
}

@article {lackenby2009,
    AUTHOR = {Lackenby, Marc},
    TITLE = {The crossing number of composite knots},
    JOURNAL = {Journal of Topology},
    FJOURNAL = {J. Topol.},
    YEAR = {2009},
    VOLUME = {2},
    NUMBER = {4},
    PAGES = {747--768},
    DOI = {10.1112/jtopol/jtp028},
    MRCLASS = {57M25},
    MRNUMBER = {2574742},
}

@article {meyerhoff2009,
    AUTHOR = {Gabai, David and Meyerhoff, Robert G. and Milley, Peter},
    TITLE = {Minimum volume cusped hyperbolic three-manifolds},
    JOURNAL = {J. Amer. Math. Soc.},
    FJOURNAL = {Journal of the American Mathematical Society},
    YEAR = {2009},
    VOLUME = {22},
    NUMBER = {4},
    PAGES = {1157--1215},
    DOI = {10.1090/S0894-0347-09-00639-0},
    MRCLASS = {57M50 (51M10 51M25)},
    MRNUMBER = {2525782},
    MRREVIEWER = {Stephan Tillmann},
}

@article {niebrzydowski2009,
    AUTHOR = {Niebrzydowski, Maciej and Przytycki, Józef H.},
    TITLE = {The quandle of the trefoil knot as the {D}ehn quandle of the torus},
    JOURNAL = {Osaka J. Math.},
    FJOURNAL = {Osaka Journal of Mathematics},
    YEAR = {2009},
    VOLUME = {46},
    NUMBER = {3},
    PAGES = {645--659},
    MRCLASS = {57M25 (57M27)},
    MRNUMBER = {2583322},
    MRREVIEWER = {Seiichi Kamada},
}

@article {tanaka2009,
    AUTHOR = {Stoimenow, Alexander and Tanaka, Toshifumi},
    TITLE = {Mutation and the colored {J}ones polynomial},
    JOURNAL = {J. G\"{o}kova Geom. Topol. GGT},
    FJOURNAL = {Journal of G\"{o}kova Geometry Topology. GGT},
    YEAR = {2009},
    VOLUME = {3},
    PAGES = {44--78},
    MRCLASS = {57M27 (57M25 57N70)},
    MRNUMBER = {2595755},
}

@article {taniyama2009,
    AUTHOR = {Taniyama, Kouki},
    TITLE = {Unknotting numbers of diagrams of a given nontrivial knot are unbounded},
    JOURNAL = {J. Knot Theory Ramifications},
    FJOURNAL = {Journal of Knot Theory and its Ramifications},
    YEAR = {2009},
    VOLUME = {18},
    NUMBER = {8},
    PAGES = {1049--1063},
    DOI = {10.1142/S0218216509007361},
    MRCLASS = {57M27 (57M25)},
    MRNUMBER = {2554334},
    MRREVIEWER = {Ryan D. Budney},
}

@article {agol2010,
    AUTHOR = {Agol, Ian},
    TITLE = {The minimal volume orientable hyperbolic 2-cusped 3-manifolds},
    JOURNAL = {Proc. Amer. Math. Soc.},
    FJOURNAL = {Proceedings of the American Mathematical Society},
    YEAR = {2010},
    VOLUME = {138},
    NUMBER = {10},
    PAGES = {3723--3732},
    DOI = {10.1090/S0002-9939-10-10364-5},
    MRCLASS = {57M50},
    MRNUMBER = {2661571},
}

@article {borodzik2010,
    AUTHOR = {Borodzik, Maciej and Oleszkiewicz, Krzysztof},
    TITLE = {On the signatures of torus knots},
    JOURNAL = {Bull. Pol. Acad. Sci. Math.},
    FJOURNAL = {Bulletin of the Polish Academy of Sciences. Mathematics},
    YEAR = {2010},
    VOLUME = {58},
    NUMBER = {2},
    PAGES = {167--177},
    DOI = {10.4064/ba58-2-7},
    MRCLASS = {57M27 (57M25)},
    MRNUMBER = {2733048},
    MRREVIEWER = {Neil R. Nicholson},
}

@article {dunfield2010,
    AUTHOR = {Dunfield, Nathan M. and Garoufalidis, Stavros and Shumakovitch, Alexander and Thistlethwaite, Morwen B.},
    TITLE = {Behavior of knot invariants under genus 2 mutation},
    JOURNAL = {New York J. Math.},
    FJOURNAL = {New York Journal of Mathematics},
    YEAR = {2010},
    VOLUME = {16},
    PAGES = {99--123},
    MRCLASS = {57M27 (57M25)},
    MRNUMBER = {2657370},
    MRREVIEWER = {Mario Eudave Mu\~{n}oz},
}

@article {gompf2010,
    AUTHOR = {Gompf, Robert E. and Scharlemann, Martin G. and Thompson, Abigail},
    TITLE = {Fibered knots and potential counterexamples to the property 2{R} and slice-ribbon conjectures},
    JOURNAL = {Geom. Topol.},
    FJOURNAL = {Geometry \& Topology},
    YEAR = {2010},
    VOLUME = {14},
    NUMBER = {4},
    PAGES = {2305--2347},
    DOI = {10.2140/gt.2010.14.2305},
    MRCLASS = {57M25},
    MRNUMBER = {2740649},
    MRREVIEWER = {Eriko Hironaka},
}

@article {jabuka2010,
    AUTHOR = {Jabuka, Stanislav},
    TITLE = {Rational {W}itt classes of pretzel knots},
    JOURNAL = {Osaka J. Math.},
    FJOURNAL = {Osaka Journal of Mathematics},
    YEAR = {2010},
    VOLUME = {47},
    NUMBER = {4},
    PAGES = {977--1027},
    MRCLASS = {57M27 (11E12 11E81 57M25)},
    MRNUMBER = {2791566},
    MRREVIEWER = {Nikolai N. Saveliev},
}

@article {polyak2010,
    AUTHOR = {Polyak, Michael},
    TITLE = {Minimal generating sets of {R}eidemeister moves},
    JOURNAL = {Quantum Topology},
    FJOURNAL = {Quantum Topology},
    YEAR = {2010},
    VOLUME = {4},
    NUMBER = {1},
    PAGES = {399--411},
}

@article {rasmussen2010,
    AUTHOR = {Rasmussen, Jacob A.},
    TITLE = {Khovanov homology and the slice genus},
    JOURNAL = {Invent. Math.},
    FJOURNAL = {Inventiones Mathematicae},
    YEAR = {2010},
    VOLUME = {182},
    PAGES = {419--447},
    DOI = {10.1007/s00222-010-0275-6},
}

@article {stoimenow2010,
    AUTHOR = {Stoimenow, Alexander},
    TITLE = {Tabulating and distinguishing mutants},
    JOURNAL = {Internat. J. Algebra Comput.},
    FJOURNAL = {International Journal of Algebra and Computation},
    YEAR = {2010},
    VOLUME = {20},
    NUMBER = {4},
    PAGES = {525--559},
    DOI = {10.1142/S0218196710005789},
    MRCLASS = {57M25 (57M27)},
    MRNUMBER = {2665776},
}

@article {coward2011,
    AUTHOR = {Coward, Alexander and Lackenby, Marc},
    TITLE = {Unknotting genus one knots},
    JOURNAL = {Commentarii Mathematici Helvetici. A Journal of the Swiss Mathematical Society},
    FJOURNAL = {Comment. Math. Helv.},
    YEAR = {2011},
    VOLUME = {86},
    NUMBER = {2},
    PAGES = {383--399},
    DOI = {10.4171/CMH/227},
    MRCLASS = {57M25 (57N10)},
    MRNUMBER = {2775133},
    MRREVIEWER = {Ichiro Torisu},
}

@article {gonzalez2011,
    AUTHOR = {González-Meneses, Juan},
    TITLE = {Basic results on braid groups},
    JOURNAL = {Ann. Math. Blaise Pascal},
    FJOURNAL = {Annales Math\'{e}matiques Blaise Pascal},
    YEAR = {2011},
    VOLUME = {18},
    NUMBER = {1},
    PAGES = {15--59},
    DOI = {10.5802/ambp.293},
    MRCLASS = {20F36},
    MRNUMBER = {2830088},
    MRREVIEWER = {Luis Paris},
}

@article {greene2011,
    AUTHOR = {Greene, Joshua E. and Jabuka, Stanislav},
    TITLE = {The slice-ribbon conjecture for 3-stranded pretzel knots},
    JOURNAL = {Amer. J. Math.},
    FJOURNAL = {American Journal of Mathematics},
    YEAR = {2011},
    VOLUME = {133},
    NUMBER = {3},
    PAGES = {555--580},
    DOI = {10.1353/ajm.2011.0022},
    MRCLASS = {57M25 (57N70)},
    MRNUMBER = {2808326},
    MRREVIEWER = {Charles Livingston},
}

@article {huh2011,
    AUTHOR = {Huh, Youngsik and Oh, Seungsang},
    TITLE = {An upper bound on stick number of knots},
    JOURNAL = {J. Knot Theory Ramifications},
    FJOURNAL = {Journal of Knot Theory and its Ramifications},
    YEAR = {2011},
    VOLUME = {20},
    NUMBER = {5},
    PAGES = {741--747},
    DOI = {10.1142/S0218216511008966},
    MRCLASS = {57M25 (57M27)},
    MRNUMBER = {2806342},
    MRREVIEWER = {Jean-Baptiste Meilhan},
}

@article {kronheimer2011,
    AUTHOR = {Kronheimer, Peter B. and Mrowka, Tomasz S.},
    TITLE = {Khovanov homology is an unknot-detector},
    JOURNAL = {Publ. Math. Inst. Hautes \'Etudes Sci.},
    FJOURNAL = {Publications Math\'ematiques. Institut de Hautes \'Etudes Scientifiques},
    YEAR = {2011},
    VOLUME = {113},
    NUMBER = {1},
    PAGES = {97--208},
    DOI = {10.1007/s10240-010-0030-y},
    MRCLASS = {57M27 (18G40 57R58)},
    MRNUMBER = {2805599},
    MRREVIEWER = {Raphael Zentner},
}

@incollection {przytycki2011,
    AUTHOR = {Przytycki, Józef H.},
    TITLE = {From {G}oeritz matrices to quasi-alternating links},
    BOOKTITLE = {The mathematics of knots},
    PUBLISHER = {Springer, Heidelberg},
    YEAR = {2011},
    VOLUME = {1},
    SERIES = {Contrib. Math. Comput. Sci.},
    PAGES = {257--316},
    DOI = {10.1007/978-3-642-15637-3\_9},
    MRCLASS = {57M25 (57M27)},
    MRNUMBER = {2777853},
    MRREVIEWER = {Luisa Paoluzzi},
}

@article {stoimenow2011,
    AUTHOR = {Stoimenow, Alexander},
    TITLE = {Coefficients and non-triviality of the {J}ones polynomial.},
    JOURNAL = {J. Reine Angew. Math.},
    FJOURNAL = {Journal für die reine und angewandte Mathematik},
    YEAR = {2011},
    VOLUME = {657},
    NUMBER = {1},
    PAGES = {1--55},
}

@article {burton2012,
    AUTHOR = {Burton, Benjamin A. and Rubinstein, Joachim H. and Tillmann, Stephan},
    TITLE = {The {W}eber-{S}eifert dodecahedral space is non-{H}aken},
    JOURNAL = {Trans. Amer. Math. Soc.},
    FJOURNAL = {Transactions of the American Mathematical Society},
    YEAR = {2012},
    VOLUME = {364},
    NUMBER = {2},
    PAGES = {911--932},
    DOI = {10.1090/S0002-9947-2011-05419-X},
    MRCLASS = {57N10 (57M50)},
    MRNUMBER = {2846358},
    MRREVIEWER = {Martin Scharlemann},
}

@incollection {chmutov2012,
    AUTHOR = {Chmutov, Sergei V.},
    TITLE = {Combinatorics of {V}assiliev invariants},
    BOOKTITLE = {Introductory lectures on knot theory},
    PUBLISHER = {World Sci. Publ., Hackensack, NJ},
    YEAR = {2012},
    VOLUME = {46},
    SERIES = {Ser. Knots Everything},
    PAGES = {54--76},
    DOI = {10.1142/9789814313001_0003},
    MRCLASS = {57M27},
    MRNUMBER = {2885230},
}

@book {duzhin2012,
    AUTHOR = {Chmutov, Sergei V. and Duzhin, Sergei V. and Mostovoy, Jacob},
    TITLE = {Introduction to {V}assiliev knot invariants},
    PUBLISHER = {Cambridge University Press, Cambridge},
    YEAR = {2012},
    DOI = {10.1017/CBO9781139107846},
    MRCLASS = {57M27},
    MRNUMBER = {2962302},
    MRREVIEWER = {Hitoshi Murakami},
}

@article {garoufalidis2012,
    AUTHOR = {Garoufalidis, Stavros and Koutschan, Christoph},
    TITLE = {The noncommutative {$A$}-polynomial of {$(-2,3,n)$} pretzel knots},
    JOURNAL = {Exp. Math.},
    FJOURNAL = {Experimental Mathematics},
    YEAR = {2012},
    VOLUME = {21},
    NUMBER = {3},
    PAGES = {241--251},
    DOI = {10.1080/10586458.2012.651409},
    MRCLASS = {57M27 (57M25 57N10)},
    MRNUMBER = {2988577},
    MRREVIEWER = {Francesco Costantino},
}

@article {hilden2012,
    AUTHOR = {Hilden, Hugh M. and Montesinos, José M. and Tejada, Débora M. and Toro, Margarita M.},
    TITLE = {On the classification of 3-bridge links},
    JOURNAL = {Rev. Colombiana Mat.},
    FJOURNAL = {Revista Colombiana de Matem\'{a}ticas},
    YEAR = {2012},
    VOLUME = {46},
    NUMBER = {2},
    PAGES = {113--144},
    MRCLASS = {57M25},
    MRNUMBER = {3007934},
    MRREVIEWER = {Pedro Lopes},
}

@misc {musick2012,
    AUTHOR = {Musick, Chad},
    TITLE = {Minimal bridge projections for 11-crossing prime knots},
    HOWPUBLISHED = {\url{https://arxiv.org/abs/1208.4233}},
    YEAR = {2012},
}

@article {pecker2012,
    AUTHOR = {Pecker, Daniel},
    TITLE = {Poncelet's theorem and billiard knots},
    JOURNAL = {Geom. Dedicata},
    FJOURNAL = {Geometriae Dedicata},
    YEAR = {2012},
    VOLUME = {161},
    PAGES = {323--333},
    DOI = {10.1007/s10711-012-9708-2},
    MRCLASS = {37D50 (57M25)},
    MRNUMBER = {2994045},
    MRREVIEWER = {Tomas Persson},
}

@incollection {shumakovitch2012,
    AUTHOR = {Shumakovitch, Alexander},
    TITLE = {Khovanov homology theories and their applications},
    BOOKTITLE = {Perspectives in analysis, geometry, and topology},
    PUBLISHER = {Birkh\"{a}user/Springer, Nowy Jork},
    YEAR = {2012},
    VOLUME = {296},
    SERIES = {Progr. Math.},
    PAGES = {403--430},
    DOI = {10.1007/978-0-8176-8277-4\_17},
    MRCLASS = {57M27},
    MRNUMBER = {2884045},
    MRREVIEWER = {Mohamed Elhamdadi},
}

@article {vendramin2012,
    AUTHOR = {Vendramin, Leandro},
    TITLE = {On the classification of quandles of low order},
    JOURNAL = {J. Knot Theory Ramifications},
    FJOURNAL = {Journal of Knot Theory and its Ramifications},
    YEAR = {2012},
    VOLUME = {21},
    NUMBER = {9},
    PAGES = {10},
    DOI = {10.1142/S0218216512500885},
    MRCLASS = {57M27},
    MRNUMBER = {2926571},
    MRREVIEWER = {Mohamed Elhamdadi},
}

@misc {venkatesh2015,
    AUTHOR = {Adams, Colin C. and Crawford, Thomas and Demeo, Benjamin and Landry, Michael and Lin, Alex T. and Montee, Murphy K. and Park, Seojung and Venkatesh, Saraswathi and Yhee, Farrah},
    TITLE = {Knot projections with a single multi-crossing},
    HOWPUBLISHED = {\url{https://arxiv.org/abs/1208.5742}},
    YEAR = {2012},
}

@article {adams2013,
    AUTHOR = {Adams, Colin C.},
    TITLE = {Triple crossing number of knots and links},
    JOURNAL = {J. Knot Theory Ramifications},
    FJOURNAL = {Journal of Knot Theory and its Ramifications},
    YEAR = {2013},
    VOLUME = {22},
    NUMBER = {2},
    PAGES = {17},
    DOI = {10.1142/S0218216513500065},
    MRCLASS = {57M25},
    MRNUMBER = {3037297},
    MRREVIEWER = {Ilya S. Kofman},
}

@misc {colberg2013,
    AUTHOR = {Colberg, Erin},
    TITLE = {A brief history of knot theory},
    HOWPUBLISHED = {\url{https://www.math.ucla.edu/~radko/191.1.05w/erin.pdf}},
    YEAR = {2013},
}

@incollection {hodgson2013,
    AUTHOR = {Hodgson, Craig and Masai, Hidetoshi},
    TITLE = {On the number of hyperbolic 3-manifolds of a given volume},
    BOOKTITLE = {Geometry and topology down under},
    PUBLISHER = {Amer. Math. Soc., Providence, RI},
    YEAR = {2013},
    VOLUME = {597},
    SERIES = {Contemp. Math.},
    PAGES = {295--320},
    DOI = {10.1090/conm/597/11767},
    MRCLASS = {57M27 (11E16 57M50 57N10 58C35)},
    MRNUMBER = {3186679},
    MRREVIEWER = {Matilde N. Lal\'{\i}n},
}

@article {yoshida2013,
    AUTHOR = {Yoshida, Kenichi},
    TITLE = {The minimal volume orientable hyperbolic 3-manifold with 4 cusps},
    JOURNAL = {Pacific J. Math.},
    FJOURNAL = {Pacific Journal of Mathematics},
    YEAR = {2013},
    VOLUME = {266},
    NUMBER = {2},
    PAGES = {457--476},
    DOI = {10.2140/pjm.2013.266.457},
    MRCLASS = {57M27},
    MRNUMBER = {3130632},
    MRREVIEWER = {Alexander Zupan},
}

@article {borodzik2014,
    AUTHOR = {Borodzik, Maciej and Friedl, Stefan},
    TITLE = {The unknotting number and classical invariants {II}},
    JOURNAL = {Glasg. Math. J.},
    FJOURNAL = {Glasgow Mathematical Journal},
    YEAR = {2014},
    VOLUME = {56},
    NUMBER = {3},
    PAGES = {657--680},
    DOI = {10.1017/S0017089514000081},
    MRCLASS = {57M27 (57M25)},
    MRNUMBER = {3250270},
    MRREVIEWER = {Mario Eudave Mu\~noz},
}

@book {burde2014,
    AUTHOR = {Burde, Gerhard and Zieschang, Heiner and Heusener, Michael},
    TITLE = {Knots},
    PUBLISHER = {De Gruyter, Berlin},
    YEAR = {2014},
    VOLUME = {5},
    SERIES = {De Gruyter Studies in Mathematics},
    MRCLASS = {57-01 (57M25)},
    MRNUMBER = {3156509},
    MRREVIEWER = {Swatee Naik},
}

@article {clark2013,
    AUTHOR = {Clark, William E. and Elhamdadi, Mohamed and Saito, Masahico and Yeatman, Timothy},
    TITLE = {Quandle colorings of knots and applications},
    JOURNAL = {J. Knot Theory Ramifications},
    FJOURNAL = {Journal of Knot Theory and its Ramifications},
    YEAR = {2014},
    VOLUME = {23},
    NUMBER = {6},
    PAGES = {29},
    DOI = {10.1142/S0218216514500357},
    MRCLASS = {57M25 (57M27)},
    MRNUMBER = {3253967},
    MRREVIEWER = {Blake Mellor},
}

@article {heinrich2014,
    AUTHOR = {Henrich, Allison and Kauffman, Louis H.},
    TITLE = {Unknotting unknots},
    JOURNAL = {Amer. Math. Monthly},
    FJOURNAL = {American Mathematical Monthly},
    YEAR = {2014},
    VOLUME = {121},
    NUMBER = {5},
    PAGES = {379--390},
    DOI = {10.4169/amer.math.monthly.121.05.379},
    MRCLASS = {57M27 (57M25)},
    MRNUMBER = {3193721},
    MRREVIEWER = {Matt Rathbun},
}

@incollection {koseleff2014,
    AUTHOR = {Koseleff, Pierre V. and Pecker, Daniel},
    TITLE = {Every knot is a billiard knot},
    BOOKTITLE = {Knots in {P}oland. {III}. {P}art 1},
    PUBLISHER = {Polish Acad. Sci. Inst. Math., Warszawa},
    YEAR = {2014},
    VOLUME = {100},
    SERIES = {Banach Center Publ.},
    PAGES = {173--178},
    DOI = {10.4064/bc100-0-9},
    MRCLASS = {57M25},
    MRNUMBER = {3220481},
    MRREVIEWER = {Uwe Kaiser},
}

@article {lackenby2014,
    AUTHOR = {Lackenby, Marc},
    TITLE = {The crossing number of satellite knots},
    JOURNAL = {Algebr. Geom. Topol.},
    FJOURNAL = {Algebraic \& Geometric Topology},
    YEAR = {2014},
    VOLUME = {14},
    NUMBER = {4},
    PAGES = {2379--2409},
    DOI = {10.2140/agt.2014.14.2379},
    MRCLASS = {57M25},
    MRNUMBER = {3331616},
    MRREVIEWER = {Toshio Saito},
}

@article {shimizu2014,
    AUTHOR = {Shimizu, Ayaka},
    TITLE = {Region crossing change is an unknotting operation},
    JOURNAL = {J. Math. Soc. Japan},
    FJOURNAL = {Journal of the Mathematical Society of Japan},
    YEAR = {2014},
    VOLUME = {66},
    NUMBER = {3},
    PAGES = {693--708},
    DOI = {10.2969/jmsj/06630693},
    MRCLASS = {57M25 (57M27)},
    MRNUMBER = {3238313},
    MRREVIEWER = {Maki Nagura},
}

@article {borodzik2015,
    AUTHOR = {Borodzik, Maciej and Friedl, Stefan},
    TITLE = {The unknotting number and classical invariants, {I}},
    JOURNAL = {Algebr. Geom. Topol.},
    FJOURNAL = {Algebraic \& Geometric Topology},
    YEAR = {2015},
    VOLUME = {15},
    NUMBER = {1},
    PAGES = {85--135},
    DOI = {10.2140/agt.2015.15.85},
    MRCLASS = {57M27},
    MRNUMBER = {3325733},
    MRREVIEWER = {Fabiola Manjarrez-Guti\'errez},
}

@article {kuperberg2015,
    AUTHOR = {Kuperberg, Greg},
    TITLE = {How hard is it to approximate the {J}ones polynomial?},
    JOURNAL = {Theory Comput.},
    FJOURNAL = {Theory of Computing. An Open Access Journal},
    YEAR = {2015},
    VOLUME = {11},
    PAGES = {183--219},
    DOI = {10.4086/toc.2015.v011a006},
    MRCLASS = {68Q12 (57M27 68P05 68Q17)},
    MRNUMBER = {3354608},
    MRREVIEWER = {Heather A. Dye},
}

@article {lackenby2015,
    AUTHOR = {Lackenby, Marc},
    TITLE = {A polynomial upper bound on {R}eidemeister moves},
    JOURNAL = {Ann. of Math. (2)},
    FJOURNAL = {Annals of Mathematics. Second Series},
    YEAR = {2015},
    VOLUME = {182},
    NUMBER = {2},
    PAGES = {491--564},
    DOI = {10.4007/annals.2015.182.2.3},
    MRCLASS = {57M25},
    MRNUMBER = {3418524},
    MRREVIEWER = {Fabiola Manjarrez-Guti\'{e}rrez},
}

@misc {przytycki2015,
    AUTHOR = {Przytycki, Józef H.},
    TITLE = {Przygody badacza węzłów: od 3-kolorowań {F}oxa do homologii operatora {Y}anga-{B}axtera z wielomianem {J}onesa i homologiami {C}howanowa w tle},
    YEAR = {2015},
    NOTE = {Praca dostępna dawniej w internecie, obecnie niedostępna},
}

@article {gilmer2016,
    AUTHOR = {Gilmer, Patrick M. and Livingston, Charles},
    TITLE = {Signature jumps and {A}lexander polynomials for links},
    JOURNAL = {Proc. Amer. Math. Soc.},
    FJOURNAL = {Proceedings of the American Mathematical Society},
    YEAR = {2016},
    VOLUME = {144},
    NUMBER = {12},
    PAGES = {5407--5417},
    DOI = {10.1090/proc/13129},
    MRCLASS = {57M25},
    MRNUMBER = {3556282},
    MRREVIEWER = {Dale P. O. Rolfsen},
}

@article {liechti2016,
    AUTHOR = {Liechti, Livio},
    TITLE = {Signature, positive {H}opf plumbing and the {C}oxeter transformation},
    JOURNAL = {Osaka J. Math.},
    FJOURNAL = {Osaka Journal of Mathematics},
    YEAR = {2016},
    VOLUME = {53},
    NUMBER = {1},
    PAGES = {251--266},
    MRCLASS = {57M27 (20F55)},
    MRNUMBER = {3466832},
    MRREVIEWER = {Timothy A. Schroeder},
}

@misc {malyutin2016,
    AUTHOR = {Malyutin, Andrei V.},
    TITLE = {On the question of genericity of hyperbolic knots},
    HOWPUBLISHED = {\url{https://arxiv.org/abs/1612.03368}},
    YEAR = {2016},
}

@article {nelson2016,
    AUTHOR = {Nelson, Sam},
    TITLE = {What is \dots  a quandle?},
    JOURNAL = {Notices Amer. Math. Soc.},
    FJOURNAL = {Notices of the American Mathematical Society},
    YEAR = {2016},
    VOLUME = {63},
    NUMBER = {4},
    PAGES = {378--380},
    DOI = {10.1090/noti1360},
    MRCLASS = {57M27 (20N99)},
    MRNUMBER = {3444659},
}

@article {zanellati2016,
    AUTHOR = {Petronio, Carlo and Zanellati, Adolfo},
    TITLE = {Algorithmic simplification of knot diagrams: New moves and experiments},
    JOURNAL = {J. Knot Theory Ramifications},
    FJOURNAL = {Journal of Knot Theory and Its Ramifications},
    YEAR = {2016},
    VOLUME = {25},
    NUMBER = {10},
    PAGES = {1--30},
    DOI = {10.1142/S0218216516500590},
}

@article {greene2017,
    AUTHOR = {Greene, Joshua E.},
    TITLE = {Alternating links and definite surfaces},
    JOURNAL = {Duke Math. J.},
    FJOURNAL = {Duke Mathematical Journal},
    YEAR = {2017},
    VOLUME = {166},
    NUMBER = {11},
    PAGES = {2133--2151},
    DOI = {10.1215/00127094-2017-0004},
    MRCLASS = {57M25 (05C21 05C50 11H55 57M15 57M27)},
    MRNUMBER = {3694566},
    MRREVIEWER = {Kenneth A. Perko, Jr.},
}

@article {lowrance2017,
    AUTHOR = {Lowrance, Adam M. and Spyropoulos, Dean},
    TITLE = {The {J}ones polynomial of an almost alternating link},
    JOURNAL = {New York J. Math.},
    FJOURNAL = {New York Journal of Mathematics},
    YEAR = {2017},
    VOLUME = {23},
    NUMBER = {1},
    PAGES = {1611--1639},
}

@article {turner2017,
    AUTHOR = {Turner, Paul},
    TITLE = {Five lectures on {K}hovanov homology},
    JOURNAL = {J. Knot Theory Ramifications},
    FJOURNAL = {Journal of Knot Theory and its Ramifications},
    YEAR = {2017},
    VOLUME = {26},
    NUMBER = {3},
    PAGES = {41},
    DOI = {10.1142/S0218216517410097},
    MRCLASS = {57M27 (57M25)},
    MRNUMBER = {3627709},
}

@misc {cha2018,
    AUTHOR = {Cha, Jae C. and Livingston, Charles},
    TITLE = {Unknown values in the table of knots},
    HOWPUBLISHED = {\url{https://arxiv.org/abs/math/0503125}},
    YEAR = {2018},
}

@article {livingston2018,
    AUTHOR = {Livingston, Charles},
    TITLE = {Signature functions of knots},
    JOURNAL = {Proc. Amer. Math. Soc.},
    FJOURNAL = {Proceedings of the American Mathematical Society},
    YEAR = {2018},
    VOLUME = {146},
    NUMBER = {10},
    PAGES = {4513--4520},
    DOI = {10.1090/proc/14102},
    MRCLASS = {57M25 (57M27)},
    MRNUMBER = {3834675},
    MRREVIEWER = {Peter Feller},
}

@misc {schieber2018,
    AUTHOR = {Schieber, Nathaniel B.},
    TITLE = {A computational approach to tangles},
    YEAR = {2018},
    NOTE = {Praca licencjacka},
}

@article {tuzun2018,
    AUTHOR = {Tuzun, Robert E. and Sikora, Adam S.},
    TITLE = {Verification of the {J}ones unknot conjecture up to 22 crossings},
    JOURNAL = {J. Knot Theory Ramifications},
    FJOURNAL = {Journal of Knot Theory and its Ramifications},
    YEAR = {2018},
    VOLUME = {27},
    NUMBER = {3},
    PAGES = {18},
    DOI = {10.1142/S0218216518400096},
    MRCLASS = {57M25 (57M27)},
    MRNUMBER = {3786783},
}

@article {diao2019,
    AUTHOR = {Diao, Yuanan and Ernst, Claus and Por, Attila and Ziegler, Uta},
    TITLE = {The ropelengths of knots are almost linear in terms of their crossing numbers},
    JOURNAL = {J. Knot Theory Ramifications},
    FJOURNAL = {Journal of Knot Theory and its Ramifications},
    YEAR = {2019},
    VOLUME = {28},
    NUMBER = {14},
    PAGES = {64},
    DOI = {10.1142/S0218216519500858},
    MRCLASS = {57K10},
    MRNUMBER = {4077436},
}

@misc {kolay2019,
    AUTHOR = {Kolay, Sudipta},
    TITLE = {Knot Colorings: Coloring and {G}oeritz matrices},
    HOWPUBLISHED = {\url{https://arxiv.org/abs/1910.08044}},
    YEAR = {2019},
}

@misc {malyutin2019,
    AUTHOR = {Malyutin, Andrei V.},
    TITLE = {Hyperbolic links are not generic},
    HOWPUBLISHED = {\url{https://arxiv.org/abs/1907.04458}},
    YEAR = {2019},
}

@article {miyazawa2019,
    AUTHOR = {Miyazawa, Yasuyuki},
    TITLE = {Links with trivial {$Q$}-polynomial},
    JOURNAL = {J. Math. Soc. Japan},
    FJOURNAL = {Journal of the Mathematical Society of Japan},
    YEAR = {2019},
    VOLUME = {71},
    NUMBER = {1},
    PAGES = {19--42},
    DOI = {10.2969/jmsj/77167716},
    MRCLASS = {57M25 (57M27)},
    MRNUMBER = {3909913},
    MRREVIEWER = {Zhiyun Cheng},
}

@incollection {purcell2019,
    AUTHOR = {Futer, David and Kalfagianni, Efstratia and Purcell, Jessica S.},
    TITLE = {A survey of hyperbolic knot theory},
    BOOKTITLE = {Knots, low-dimensional topology and applications},
    PUBLISHER = {Springer, Cham},
    YEAR = {2019},
    VOLUME = {284},
    SERIES = {Springer Proc. Math. Stat.},
    PAGES = {1--30},
    DOI = {10.1007/978-3-030-16031-9_1},
    MRCLASS = {57M25 (57M27 57M50)},
    MRNUMBER = {3986038},
}

@article {sazdanovic2019,
    AUTHOR = {Nelson, Sam and Oyamaguchi, Natsumi and Sazdanović, Radmila},
    TITLE = {Psyquandles, singular knots and pseudoknots},
    JOURNAL = {Tokyo J. Math.},
    FJOURNAL = {Tokyo Journal of Mathematics},
    YEAR = {2019},
    VOLUME = {42},
    NUMBER = {2},
    PAGES = {405--429},
    MRCLASS = {57K12},
    MRNUMBER = {4106586},
    MRREVIEWER = {Emanuele Zappala},
}

@book {adams2021,
    AUTHOR = {Adams, Colin C. and Flapan, Erica and Henrich, Allison and Kauffman, Louis H. and Ludwig, Lewis D. and Nelson, Sam},
    TITLE = {Encyclopedia of knot theory},
    PUBLISHER = {CRC Press},
    YEAR = {2020},
}

@article {bae2020,
    AUTHOR = {Bae, Yongju and Lee, In S.},
    TITLE = {On {A}lexander polynomials of pretzel links},
    JOURNAL = {Kyungpook Math. J.},
    FJOURNAL = {Kyungpook Mathematical Journal},
    YEAR = {2020},
    VOLUME = {60},
    NUMBER = {2},
    PAGES = {239--253},
    DOI = {10.5666/KMJ.2020.60.2.239},
    MRCLASS = {57K14},
    MRNUMBER = {4157337},
    MRREVIEWER = {Allison N. Miller},
}

@article {blair2020,
    AUTHOR = {Blair, Ryan and Kjuchukova, Alexandra and Velazquez, Roman and Villanueva, Paul},
    TITLE = {Wirtinger systems of generators of knot groups},
    JOURNAL = {Comm. Anal. Geom.},
    FJOURNAL = {Communications in Analysis and Geometry},
    YEAR = {2020},
    VOLUME = {28},
    NUMBER = {2},
    PAGES = {243--262},
    DOI = {10.4310/cag.2020.v28.n2.a2},
    MRCLASS = {57K10},
    MRNUMBER = {4101339},
    MRREVIEWER = {Daniel Silver},
}

@incollection {burton2020,
    AUTHOR = {Burton, Benjamin A.},
    TITLE = {The next 350 million knots},
    BOOKTITLE = {36th {I}nternational {S}ymposium on {C}omputational {G}eometry},
    PUBLISHER = {Schloss Dagstuhl. Leibniz-Zentrum für Informatik GmbH, Wadern},
    YEAR = {2020},
    VOLUME = {164},
    SERIES = {LIPIcs. Leibniz Int. Proc. Inform.},
    PAGES = {1--17},
    MRCLASS = {57K10 (68V05)},
    MRNUMBER = {4117738},
}

@article {piccirillo2020,
    AUTHOR = {Piccirillo, Lisa},
    TITLE = {The {C}onway knot is not slice},
    JOURNAL = {Ann. of Math. (2)},
    FJOURNAL = {Annals of Mathematics. Second Series},
    YEAR = {2020},
    VOLUME = {191},
    NUMBER = {2},
    PAGES = {581--591},
    DOI = {10.4007/annals.2020.191.2.5},
    MRCLASS = {57K10 (57R65)},
    MRNUMBER = {4076631},
}

@book {purcell2020,
    AUTHOR = {Purcell, Jessica S.},
    TITLE = {Hyperbolic {K}not {T}heory},
    PUBLISHER = {American Mathematical Society},
    YEAR = {2020},
    VOLUME = {209},
    SERIES = {Graduate Studies in Mathematics},
}

@incollection {sakuma2020,
    AUTHOR = {Sakuma, Makoto},
    TITLE = {A survey of the impact of {T}hurston's work on knot theory},
    BOOKTITLE = {In the tradition of {T}hurston},
    PUBLISHER = {Springer, Cham},
    YEAR = {2020},
    PAGES = {67--160},
    DOI = {10.1007/978-3-030-55928-1\_3},
    MRCLASS = {57K10},
    MRNUMBER = {4264576},
}

@article {brittenham2021,
    AUTHOR = {Brittenham, Mark W. and Hermiller, Susan M.},
    TITLE = {A counterexample to the {B}ernhard--{J}ablan unknotting conjecture},
    JOURNAL = {Exp. Math.},
    FJOURNAL = {Experimental Mathematics},
    YEAR = {2021},
    VOLUME = {30},
    NUMBER = {4},
    PAGES = {547--556},
    DOI = {10.1080/10586458.2019.1580633},
    MRCLASS = {57M27 (57M25)},
    MRNUMBER = {4346654},
}

@incollection {conway2019,
    AUTHOR = {Conway, Anthony},
    TITLE = {The {L}evine-{T}ristram signature: a survey},
    BOOKTITLE = {2019--20 {MATRIX} annals},
    PUBLISHER = {Springer, Cham},
    YEAR = {2021},
    VOLUME = {4},
    SERIES = {MATRIX Book Ser.},
    PAGES = {31--56},
    DOI = {10.1007/978-3-030-62497-2\_2},
    MRCLASS = {57K10},
    MRNUMBER = {4294761},
}

@article {klotz2021,
    AUTHOR = {Klotz, Alexander R. and Maldonado, Matthew},
    TITLE = {The ropelength of complex knots},
    JOURNAL = {J. Phys. A},
    FJOURNAL = {Journal of Physics. A. Mathematical and Theoretical},
    YEAR = {2021},
    VOLUME = {54},
    NUMBER = {44},
    PAGES = {18},
    DOI = {10.1088/1751-8121/ac28ce},
    MRCLASS = {57K16},
    MRNUMBER = {4329844},
}

@article {lamm2021,
    AUTHOR = {Lamm, Christoph},
    TITLE = {The search for nonsymmetric ribbon knots},
    JOURNAL = {Experiment. Math.},
    FJOURNAL = {Experimental Mathematics},
    YEAR = {2021},
    VOLUME = {30},
    NUMBER = {3},
    PAGES = {349--363},
    DOI = {10.1080/10586458.2018.1540313},
}

@misc {schleimer2021,
    AUTHOR = {Burton, Benjamin A. and Chang, Hsien-Chih and Löffler, Maarten and Mesmay, Arnaud and Maria, Clément and Schleimer, Saul and Sedgwick, Eric and Spreer, Jonathan},
    TITLE = {Hard Diagrams of the Unknot},
    HOWPUBLISHED = {\url{https://arxiv.org/abs/2104.14076}},
    YEAR = {2021},
    DOI = {10.48550/ARXIV.2104.14076},
}

@article {tuzun2021,
    AUTHOR = {Tuzun, Robert E. and Sikora, Adam S.},
    TITLE = {Verification of the {J}ones unknot conjecture up to 24 crossings},
    JOURNAL = {J. Knot Theory Ramifications},
    FJOURNAL = {Journal of Knot Theory and its Ramifications},
    YEAR = {2021},
    VOLUME = {30},
    NUMBER = {3},
    PAGES = {6},
    DOI = {10.1142/S0218216521500206},
    MRCLASS = {57K14 (57K10)},
    MRNUMBER = {4259507},
}

@misc {knotinfo2024,
    AUTHOR = {Livingston, Charles and Moore, Allison H.},
    TITLE = {Knot{I}nfo: Table of Knot Invariants},
    HOWPUBLISHED = {URL: \url{knotinfo.math.indiana.edu}},
    YEAR = {2024},
}

@misc {linkinfo24,
    AUTHOR = {Livingston, Charles and Moore, Allison H.},
    TITLE = {Link{I}nfo: Table of Link Invariants},
    HOWPUBLISHED = {URL: \url{linkinfo.math.indiana.edu}},
    YEAR = {2024},
}

